@article{Wang2016,
  title={Inference and Learning of Graphical Models: Theory and Applications in Computer Vision and Image Analysis},
  author={C.~Wang and K.~Nikos and I.~Hirosshi [et al.]},
  journal={Computer Vision and Image Understanding.},	
  volume={143},
  year={2016},
  pages={52-53},
  language = {english}
}
%ok2
@article{Maria2016,
  title={Specialissueon Assistive Computer Vision and Robotics},
  author={G.~F.~Maria and K.~Takeo and L.~Marco [et al.]},
  journal={Computer Vision and Image Understanding.},	
  volume={148},
  year={2016},
  pages={1-3},
  language = {english}
}
%ok3
@article{Ioan2011,
  title={Combinatorial preconditions ersand muti-level solvers for problem in computer vision and image processing},
  author={K.~Ioannis and L.~ Gary and T.~David},
  journal={Computer Vision and Image Understanding.},	
  volume={115},
  year={2011},
  pages={1638-1646},
  language = {english}
}
%ok4
@article{Lauren2013,
  title={Real-world scene perception and perceptual organization: Lessons from Computer Vision},
  author={B.~Lauren and J.~Sheynin},
  journal={Journal of Vision.},	
  volume={115},
  year={2011},
  pages={709-711},
  doi={10.1167/13.9.709},
  language = {english}
}
%ok5
@article{Saha2005,
  title={A local morphometric parameter with applications to computer vision and image processing},
  author={P.~KumarSaha and S.~Tensor},
  journal={Computer Vision and Image Understanding.},	
  volume={99},
  issue={3},
  year={2005},
  pages={384-413},
  language = {english}
}
%ok6
@article{Azriel2001,
  title={From Images Analysis to Computer Vision: An Annotated Bibliography},
  author={R.~Azriel},
  journal={Computer Vision and Image Understanding.},	
  volume={84},
  issue={2},
  year={2001},
  pages={298-324},
  language = {english}
}
%ok7
@article{Paul2011,
  title={Integration of bottom-up/top-down approaches for 2D pose estimation using probabilistic Gaussian modelling},
  author={K.~Paul and D.~Makris and J.~C.~Nebell},
  journal={Computer Vision and Image Understanding.},	
  volume={115},
  issue={2},
  year={2011},
  pages={242-255},
  language = {english}
}
%ok8
@article{Michaell2011,
  title={3D Human model adaptation by frame selection and shape-textture aptimization},
  author={H.~Michael and M.~D.~Gavrila},
  journal={Computer Vision and Image Understanding.},	
  volume={115},
  issue={11},
  year={2011},
  pages={1559-1570},
  language = {english}
}
%ok9
@article{Wuhre2014,
  title={Estimation of human body shape and posture under closthing},
  author={S.~Wuhrer and L.~Pishchulin and A.~Brunton [et al.]},
  journal={Computer Vision and Image Understanding.},	
  volume={127},
  year={2014},
  pages={31-42},
  language = {english}
}
%ok10-35
@article{YuChen2011,
  title={Single and sparese view 3D reconstruction by learning shape priors},
  author={YuChen and R.~Cipollan},
  journal={Computer Vision and Image Understanding.},	
  volume={115},
  issue={5},
  year={2011},
  pages={586-602},
  language = {english}
}
%ok11-43
@inproceedings{Albio2001,
	Author = {A.~Albiol and L.~Torres and E.~Delp},
	Title = {Optimum color spaces for skin detection},
	Booktitle = {Proceedings of the International Conference on Image Processing (ICIP)},
	Address = {US},
	Year = {2001},
	Pages = {122-124},
	language={english}
}
%ok12
@article{Barron2000,
  title={Estimating anthropometry and pose from a single image},
  author={C.~Barron and I.~A.~Kakadiaris},
  journal={Conference on Computer Vision and Pattern Recognition (CVPR 2000).},	
  volume={1},
  year={2000},
  pages={669-676},
  language = {english}
}
%ok13
@article{Taylor2000,
  title={Reconstruction of articulated objects from point correspondences in a single uncalibrated image},
  author={C.~J.~Taylors},
  journal={Computer Vision and Image Understanding},	
  volume={80},
  version={3},
  year={2000},
  pages={349–363},
  language = {english}
}
%ok14
@inproceedings{Micilotta2005,
   title = {Detection and Tracking of Humans by Probabilistic Body Part Assembly},
  author={A.~S.~Micilotta and E.~J.~Ong and R.~Bowden},
   year = {2005},
   pages = {44.1-44.10},
   booktitle = {Proc. BMVC},
   isbn = {1-901725-29-4},
   doi = {10.5244/C.19.44}
}
%ok15
@article{Mikolajczyk2004,
  title={Human detection based on a probabilistic assembly of robust part detectors},
  author={K.~Mikolajczyk and C.~Schmid and A.~Zisserman},
  journal={European Conference on Computer Vision (ECCV'04)},	
  volume={69},
  version={1},
  year={2004},
  pages={69-82},
  language = {english}
}
%ok16
@article{Robert2004,
  title={Human poses estimation using learnt probabilistic region similarities and partial configurations},
  author={T.~Roberts and S.~McKenna and I.~Ricketts},
  journal={European Conference on Computer Vision (ECCV'04)},	
  volume={69},
  version={4},
  year={2004},
  pages={291-303},
  language = {english}
}
%ok17
@article{Ronfard2002,
  title={Learning to parse pictures of people},
  author={R.~Ronfard and C.~Schmid and B.~Triggs},
  journal={European Conference on Computer Vision (ECCV'02)},	
  volume={4},
  year={2002},
  pages={700-714},
  language = {english}
}
%ok18
@article{Liu2010,
  title={A Bayesian framework for 3D human motion tracking from monocular image},
  author={J.~Liu and J.~Yan and M.~Tong [et al.]},
  journal={IEEE International Conference on Acoustics, Speech and Signal Processing},	
  year={2010},
  pages={1398–1401},
  doi={10.1109/ICASSP.2010.5495462},
  language = {english}
}
%ok19
@article{Wang2013,
  title={Dense trajectories and motion boundary descriptors for action recognition},
  author={H.~Wang and A.~Klaser and C.~Schmid [et al.]},
  journal={HAL-Journal Computer Vision},	
  volume={103},
	issue={1},
	year={2013},
  pages={60-79},
  doi={10.1007/s11263-012-0594-8},
  language = {english}
}
%ok20
@article{Yan2014,
  title={Modeling local behavior for predicting social interactions towards human tracking},
  author={X.~Yan and I.~A.~Kakadiaris and S.~K~Shah},
  journal={Pattern Recognition},	
  volume={47},
  issue={4},
  year={2014},
  vision={103},
  pages={1626–1641},
  doi={10.1016/j.patcog.2013.10.019},
  language = {english}
}
%ok21
@article{Pirsiavash2012,
  title={Detecting activities of daily living in first-person camera views},
  author={H.~Pirsiavash and D.~Ramanan},
  journal={IEEE Computer Society Conference on Computer Vision and Pattern Recognition},	
  year={2012},
  pages={2847–2854},
  language = {english}
}
%ok22
@article{Gan2015,
  title={A deep event network for multimedia event detection and evidence recountings},
  author={C.~Gan and N.~Wang and Y.~Yang [et al.]},
  journal={IEEE Computer Society Conference on Computer Vision and Pattern Recognition},	
  year={2015},
  pages={2568–2577},
  address={Boston, USA},
  language = {english}
}
%ok23
@article{Jainy2015,
  title={What do 15,000 object categories tell us about classifying and localizing actions?},
  author={M~Jainy and J.~C~Gemerty and C.~G.~M~Snoek},
  journal={IEEE Computer Society Conference on Computer Vision and Pattern Recognition},	
  year={2015},
  pages={46–55},
  address={Boston, USA},
  language = {english}
}
%ok24-37
@article{Jordi2012,
  title={Semantic Understaing of Human Behavior in Image Sequences},
  author={G.~Jordi and T.~B.~Moeslund and L.~Wang},
  journal={Computer Vision and Image Understanding},	
  volume={116},
  issue={3},
  year={2012}, 
  pages={305-306},
  language = {english}
}
%ok25-36
@article{Konstantinos2016,
  title={Activity detection using Sequential Statistical Boundary Detection (SSBD)},
  author={A.~Konstantinos and B.~Alexia and K.~Yiannis},
  journal={Computer Vision and Image Understanding},	
  volume={144},
  year={2016},
  pages={46-61},
  language = {english}
}
%ok26
@article{Paragios2008,
  title={Discrete optimization in computer vision},
  author={N.~Paragios and R.~Zabih},
  journal={Computer Vision and Image Understanding},	
  volume={112},
	issue={1},
  year={2008},
  pages={1-2},
  language = {english}
}
%ok27
@article{Rosenfeld2000,
  title={Image Analysis and Computer Vision},
  author={A.~Rosenfeld},
  journal={Computer Vision and Image Understanding},	
  volume={78},
	issue={2},
  year={2000},
  pages={222-302},
  language = {english}
}
%ok28
@article{Fan2013,
  title={Special section on Advances in Machine Vision Beyond the Visible Spectrum (BVS)},
  author={G.~Fan and R.~I.~Hammoud and F.~Sadjadi [et al.]},
  journal={Computer Vision and Image Understanding},	
  volume={117},
	issue={12},
  year={2013},
  pages={1645-1646},
  language = {english}
}
%ok29
@article{Huang1991,
  title={Computer vision needs more experiments and applications},
  author={T.~S.~Huang},
  journal={CVGIP: Image Understanding},	
  volume={53},
	issue={1},
  year={1991},
  pages={125-126},
  language = {english}
}
%ok30
@article{Kevin1991,
  title={Computer vision needs more experiments and applications},
  author={W.~Kevin and B.~Judson and P.~Jones},
  journal={CVGIP: Image Understanding},	
  volume={53},
	issue={1},
  year={1991},
  pages={127-128},
  language = {english}
}
%ok31
@article{Abebe2016,
  title={Robust multi-dimensional motion features for first-person vision activity recognition},
  author={G.~Abebe and A.~Cavallaro and X.~Parra},
  journal={Computer Vision and Image Understanding},	
  volume={149},
  year={2016},
  pages={229-248},
  language = {english}
}
%ok32
@article{Zhu2004,
  title={Robust multi-dimensional motion features for first-person vision activity recognition},
  author={Z.~Zhu and D.~R.~Karuppiah and E.~M.~Riseman [et al.]},
  journal={Computer Vision and Image Understanding},	
  volume={149},
  year={2004},
  pages={229-248},
  language = {english}
}
%ok33-38
@article{Vayda1991,
  title={A robot vision system for recognition of generic shape objects},
  author={A.~J.~Vayda and A.~C.~Kak},
  journal={CVGIP: Image Understanding},	
  volume={54},
	issue={1},
  year={1991},
  pages={1-46},
  language = {english}
}
%ok34
@article{Cormier2016,
  title={Purely vision-based segmentation of web pages for assistive technology},
  author={M.~Cormier and K.~Moffatt and R.~Cohen [et al.]},
  journal={CVGIP: Image Understanding},	
  volume={148},
  year={2016},
  pages={46-66},
  language = {english}
}
%ok35
@article{Meer2000,
  title={Robust Computer Vision: An Interdisciplinary Challenge},
  author={P.~Meer and V.~C.~Stewart and D.~E.~Tyler},
  journal={Computer Vision and Image Understanding},	
  volume={78},
	issue={1},
  year={2000},
  pages={1-7},
  language = {english}
}
%ok36
@article{Murino2000,
  title={Underwater Computer Vision and Pattern Recognition},
  author={V.~Murino and A.~Trucco},
  journal={Computer Vision and Image Understanding},	
  volume={79},
	issue={1},
  year={2000},
  pages={1-3},
  language = {english}
}
%ok36-37
@article{Battiato2012,
  title={Instant Scene Recognition on Mobile Platform},
  author={S.~Battiato and G.~M.~Farinella and M.~Guarnera [et al.]},
  journal={Computer Vision and Pattern Recognition Workshop, IEEE Computer Society Conference},	
  year={2012},
  pages={655-658},
  language = {english}
}
%ok37
@article{Hannuksela2007,
  title={Vision-based motion estimation for interaction with mobile devices},
  author={J.~Hannuksela and P.~Sangi and J.~Heikkila},
  journal={Computer Vision and Image Understanding},	
  volume={108},
	issue={1-2},
  year={2007},
  pages={188-195},
  language = {english}
}
%ok38
@article{Shubina2010,
  title={Visual search for an object in a 3D environment using a mobile robot},
  author={K.~Shubina and J.~K.~Tsotsos},
  journal={Computer Vision and Image Understanding},	
  volume={114},
	issue={5},
  year={2010},
  pages={535-547},
  language = {english}
}
%ok381
@article{Mortensen1995,
  title={Intelligent Scissors for Image Composition},
  author={E.~N.~Mortensen and W.~A.~Barrett},
  journal={Computer Graphics (SIGGRAPH `95)},	
  year={1995},
  pages={191-198},
  language = {english}
}
%ok382
@article{Lankton,
  title={Localizing Region-Based Active Contours},
  author={S.~Lankton and D.~Tannenbaum},
  journal={Image Processing, IEEE Transactions on}	,	
  volume={17},
	number={11},
	issue={5},
  year={2008},
  pages={2029-2039},
  language = {english}
}
%ok383
@article{Lie2006,
  title={A binary level set model and some applications to Mumford-Shah image segmentation},
  author={S.~Lankton and D.~Tannenbaum},
  journal={IEEE Transactions on Image Processing}	,	
  volume={15},
	number={5},
  year={2006},
  pages={1171–1181},
  language = {english}
}

%ok40
@article{Mecte2002,
  title={Математические методы распознавания образов},
  author={Л.~М.~Местецкий},
  journal={М.: МГУ, ВМиК},	
  year={2002-2004},
  pages={85},
  language = {russian}
}
%ok41
@article{Priett1982,
  title={Цифровая обработка изображений},
  author={У.~Прэтт},
  journal={У. Прэтт. – М.: Мир},	
  year={1982},
  pages={105},
  language = {russian}
}
%ok42
@article{Fink2006,
  title={Visible skin color distribution plays a role in the perception of age, attractiveness, and health in female faces},
  author={B.~K.~G Fink and P.~J.~Matts},
  journal={Evolution and Human Behavior},	
  volume={27},
	issue={6},
  year={2006},
  pages={433-442},
  language = {english}
}
%ok43
@article{Shin2002,
  title={Does colorspace transformation make any difference on skin detection?},
  author={M.~C.~Shin and K.~I.~Chang and L.~V.~Tsap},
  journal={WACV ’02: Proceedings of the Sixth IEEE Workshop on Applications of Computer Vision, IEEE Computer Society},
	address={Washington, DC},
  year={2002},
  pages={275-283},
  language = {english}
}


%ok45
@article{Fleck1996,
  title={Finding naked people},
  author={M.~M.~Fleck and D.~A.~Forsyth and C.~Bregler},
  journal={Proceedings of the European Conference on Computer Vision (ECCV)},	
  year={1996},
  pages={593–602},
  language = {english}
}
%ok46
@article{Yang1999,
  title={Gaussian mixture model for human skin color and its application in image and video databases},
  author={M.~Yang and N.~ Ahuja},
  journal={Conference on Storage and Retrieval for Image and Video Databases (SPIE 99)},	
  volume={3656},
  year={1999},
  pages={458-466},
  language = {english}
}
%ok47
@article{Brand2000,
  title={A comparative assessment of three approaches to pixellevel human skin-detection},
  author={J.~Brand and J.~Mason},
  journal={Conference on Storage and Retrieval for Image and Video Databases (SPIE 99)},	
  volume={1},
  year={2000},
  pages={1056–1059},
  language = {english}
}
%ok471
@article{Hast2013,
  title={Optimal RANSAC – Towards a Repeatable Algorithm for Finding the Optimal Set},
  author={A.~Hast and N.~Johan and A.~Marchetti},
  journal={Journal of WSCG},	
  volume={21},
	number={1},
  year={2013},
  pages={21-30},
  language = {english}
}
%ok48-50
@article{Dubinskiy2003,
  title={A multi-scale generative model for animate shapes and parts},
  author={A.~Dubinskiy and S.~C.~Zhu},
  journal={IEEE International Conference on Computer Vision (ICCV)},	
  year={2003},
  language = {english}
}
%ok49
@article{Kpalma2006,
  title={Multiscale contour description for pattern recognition},
  author={K.~Kpalma and J.~Ronsin},
  journal={Pattern Recognition Letters},	
  volume={27},
  year={2006},
  pages={1545-1559},
  language = {english}
}
%ok50-52
@online{urlclothes2015,
	title = {How to measure},
	howpublished = {http://www.eventsclothing.co.nz/size-chart/},
	note = {Дата доступа: 2017},
	language = {english}
}
%ok501
@online{Gostru,
	title = {ГОСТ~Р~ИСО~3635-99 Одежда. Размеры. Определения, обозначения и требования к измерению},
	howpublished = {http://www.internet-law.ru/gosts/gost/8932/},
	note = {Дата доступа: 2017},
	language = {russian}
}
@online{Gosten,
	title = {EN~13402 Европейский стандарт указания размеров одежды},
	howpublished = {https://ru.wikipedia.org/wiki/EN-13402},
	note = {Дата доступа: 2017},
	language = {russian}
}
%ok550
@online{Weka,
	title = {Weka java code for Random Forest},
	howpublished = {http://www.codemiles.com/weka-examples/weka-java-code-for-random-forest-cross-validation-t11128.html},
	note = {Дата доступа: 2017},
	language = {english}
}
%0k511
@online{android,
	author = {А. Орлов},
	title = {Продажи Android-смартфонов в 2014 году побили все рекорды},
	howpublished = {http://myandroid.ru/prodazhi-android-smartfonov-v-2014-godu-pobili-vse-rekordy},
	note = {Дата доступа: 2017},
	language = {russian}
}
%ok51
@inproceedings{Toldo2009,
  title={Visual vocabulary signature for 3D object retrieval and partial matching},
  author={R. Toldo and U. Castellani and A. Fusiello},
  Booktitle={Eurographics Workshop on 3D Object Retrieval.},	
  year={2009},
	pages={21-28},
  language = {english}
}
%ok52
@inproceedings{Ponce1989,
  title={On recognizing and positioning curved 3-D objects from image contours},
  author={J.~Ponce and D.~J.~Kriegman},
  Booktitle={Image Understanding Workshop},	
  year={1989},
  pages={461-470},
  language = {english}
}
%ok53
@inproceedings{Zhang2001,
  title={Efficient feature extraction for 2D/3D objects in mesh representation},
  author={C.~Zhang and T.~Chen},
  journal={IEEE International conference on Image Processing (ICIP 2001)},	
  year={2001},
  address={Thessaloniki, Greece},
 language = {english}
}
%ok54
@article{Mori2002,
  title={Estimating Human Body Configurations using Shape Context Matching},
  author={G.~Mori and J.~Malik},
  journal={European Conference on Computer Vision (ECCV 2002)},	
  year={2002},
  pages={666-680},
  language = {english}
}
%ok56
@article{Mittal2003,
  title={Human body pose estimation using silhouette shape analysis},
  author={A.~Mittal and L.~Zhao and L.~S.~Davis},
  journal={IEEE Transactions on Pattern Analysis and Machine Intelligence},	
  year={2003},
  pages={263–270},
  language = {english}
}
%ok57-59
@article{Lin2008,
  title={Automatic Feature Extraction from Front and Side Images},
  author={Y.~L.~Lin and M.~J.~Wang},
  journal={Industrial Engineering and Engineering Management},	
  year={2008},
  pages={1949-1953},
	address={Singapore},
  language = {english}
}
%ok58
@article{Lin2010,
  title={Constructing 3D Human Model from 2D images},
  author={Y.~L.~Lin and M.~J.~Wang},
  journal={Industrial Engineering and Engineering Management},	
  year={2010},
  pages={1902-1906},
	address={Xiamen},
  language = {english}
}
%ok59
@article{Lin2012,
  title={Constructing 3D human model from front and side images},
  author={Y.~L.~Lin and M.~J.~Wang},
  journal={Expert Systems with Applications},	
	volume={39},
	number={5},
  year={2012},
  pages={5012–5018},
	address={Xiamen},
  language = {english}
}
%ok60
@article{Ikizler2008,
  title={Searching for complex human activities with no visual examples},
  author={N.~Ikizler and D.~A.~Forsyth},
  journal={Journal of Computer Vision},	
	volume={80},
	number={3},
  year={2008},
  pages={337–357},
	doi={10.1007/s11263-008-0142-8 },
  language = {english}
}
%ok61
@article{Jiang2012,
  title={Automatic body feature extraction from front and side Images},
  author={L.~Jiang and J.~Yao and B.~Li [et al.]},
  journal={A Journal of Software Engineering and Applications},	
	volume={5},
  year={2012},
  pages={94-100},
  language = {english}
}
%ok62
@article{Canny1986,
  title={A computational approach to edge detection},
  author={J. Canny},
  journal={IEEE Transactions on Pattern Analysis and Machine In-telligence},	
	volume={8},
	number={6},
  year={1986},
  pages={679-698},
	doi={10.1109/TPAMI.1986.4767851},
  language = {english}
}
%ok63 
@article{Freeman1961,
  title={On the encoding of arbitrary geometric con-figuration},
  author={H. Freeman},
  journal={IRE Transactions on Electronics Computers},	
	volume={EC-10},
	number={2},
  year={1961},
  pages={264–268},
	doi={doi:10.1109/TEC.1961.5219197},
  language = {english}
}
%ok64
@article{Nevatia2009,
  title={Detection and Segmentation of Multiple, Partially Occluded Objects by Grouping, Merging, Assigning Part Detection Responses},
  author={B.~R.~Nevatia},
  journal={Journal of Computer Vision},	
	volume={82},
	number={2},
  year={2009},
  pages={185–204},
	doi={10.1007/s11263-008-0194-9},
  language = {english}
}
%ok65
@article{Ioffe2001,
  title={Probabilistic Methods for Finding People},
  author={S.~Ioffe and D.~A.~Forsyth},
  journal={International Journal of Computer Vision },	
	volume={43},
	number={1},
  year={2001},
  pages={45–68},
  language = {english}
}
%ok66
@article{Leva1996,
  title={Adjustments to Zatsiorsky Seluanov's Segment Inertia Parameters},
  author={P.~D.~Leva},
  journal={Journal of Biomechanics},	
	volume={29},
	number={9},
  year={1996},
  pages={1223-1230},
  language = {english}
}
%ok67
@article{Baek2012,
  title={Parametric Human Body Shape Modeling Framework for Human Centered Product design},
  author={S.~Y.~Baek and K.~Lee},
  journal={Computer-Aided Design},	
	volume={44},
  year={2012},
  pages={56-67},
  language = {english}
}
%ok68
@article{Siebert2000,
  title={Human body 3d imaging by speckle texture projection photogrammetry},
  author={J.~Siebert and S.~Marshall},
  journal={Sensor Review},	
	volume={20},
	number={3},
  year={2000},
  pages={218–226},
  language = {english}
}
%ok69
@article{Seo2001,
  title={Interactive modelling of MPEG-4 deformable human body models},
  author={H.~Seo and F.~Cordier and L.~Philippon [et al.]},
  journal={Deformable avatars:postproceedings of DEFORM 2001 workshop},	
  year={2001},
  pages={120–131},
  language = {english}
}
%ok70
@article{Blanz1999,
  title={A Morphable Model for The Synthesis of 3d Faces},
  author={V.~Blanz and T.~Vetter},
  journal={Proceedings of the 26th annual conference on computer graphics and interactive techniques (SIGGRAPH 99)},	
  year={1999},
  pages={120–131},
  language = {english}
}
%ok71
@article{Allen2003,
  title={The space of human body shapes: reconstruction and parameterization from range scans},
  author={B.~Allen and B.~Curless and Z.~Popovic},
  journal={ACM Transactions on Graphics},	
	volume={22},
	number={3},
  year={2003},
  pages={587–594},
  language = {english}
}
%ok72
@article{Seo2003,
  title={An automatic modeling of human bodies from sizing parameters},
  author={H.~Seo and T.~N~.~Thalmann},
  journal={Proceedings of ACM SIGGRAPH 2003 symposium on interactive 3D graphics},	
  year={2003},
  pages={19-26},
  language = {english}
}
%ok73
@article{Seo2004,
  title={An example-based approach to human bodymanipulation},
  author={H.~Seo and T.~N~.~Thalmann},
  journal={Graphical Models},	
	volume={66},
	number={1},
  year={2004},
  pages={1-23},
  language = {english}
}
%ok74
@article{Stancic2013,
  title={Improved structured light 3D scanner with application to anthropometric parameter estimation},
  author={I.~Stancic and M.~Josip and V.~Zanchi},
  journal={Measurement 46 (2013)},	
	volume={46},
  year={2013},
  pages={716–726},
  language = {english}
}
%ok741
@article{Boykov12001,
  title={Interactive graph cuts for optimal boundary and region segmentation of objects in N-D images},
  author={Y.~Boykov and M.~P~.Jolly},
  journal={Proc. IEEE Int. Conf. Comput. Vis.},	
  year={2001},
  pages={105-112},
  language = {english}
}
%ok742
@article{Parvathy,
  title={A Review on Various Graph Cut Based Image Segmentation Schemes},
  author={R.~Parvathy and J.~S.~Livingston},
  journal={International Journal of Advances in Engineering Science and Technology},	
	volume={2},
	number={3},
  year={2001},
  pages={379-382},
  language = {english}
}
%ok75
@article{Rocchini2001,
  title={A low cost 3D scanner based on structured light},
  author={C.~Rocchini and P.~Cignoni and C.~Montani and P.~Pingi and R.~Scopigno},
  journal={Computer Graphic},	
	volume={20},
	number={3},
  year={2001},
  pages={299–308},
  language = {english}
}
%ok76
@article{Taeyoung2015,
  title={Fully vision-based automatic human body measurement system for apparel application},
  author={U.~Taeyoung and H.~Park and J.~I.~Park},
  journal={Measurement 61 (2015)},	
	volume={61},
  year={2015},
  pages={169–179},
  language = {english}
}
%ok77
%ok771
@article{Stanley1999,
  title={Anthropometric measurement error and the assessment of nutritional status},
  author={S.~J.~Ulijaszek and D.~A.~Kerr},
  journal={British Journal of Nutrition},	
	volume={82},
  year={1999},
  pages={165-177},
  language = {english}
}
@article{McCulloch1988,
  title={An optimisation approach toapparel sizing},
  author={C.~E.~McCulloch and B.~Paal and S.~P.~Ashdown},
  journal={Oper. Res. Soc. (1998)},	
	volume={61},
  year={1988},
  pages={492–499},
  language = {english}
}
%ok78
@article{Lee2000,
  title={Mass-customization methodology for an apparel industry with a future},
  author={S.~Lee and J.~C.~Chen},
  journal={Technol. (2000)},	
  year={2000},
  pages={1-8},
  language = {english}
}
%ok80 
@article{segi1998,
  title={Применение методологии распознавания образов в задачах цифровой обработки изображений},
  author={В.~В.~Сергеев},
  journal={Автометрия},	
  year={1998},
	number={2},
  pages={63–67},
  language = {russian}
}
%ok81
@article{sophi2000,
  title={Теоретические основы цифровой обработки изображений},
  author={В.~А.~Сойфер and В.~В.~Сергеев and С.~Б.~Попов [и др.]},
  journal={Учебное пособие, СГАУ},	
  year={2000},
	number={2},
  pages={256-232},
  language = {russian}
}
%ok82
@article{Phan2013,
  title={Распознавание жестов на видеопоследовательности в режиме реального времени на основе применения метода Виолы-Джонса, алгоритма CAMShift, вейвлет-преобразования и метода главных компонент},
  author={Н.~Х.~Фан and Т.~Т.~Ч.~Буй and  В.~Г.~Спицын},
  journal={Вестник Томского государственного университета. – Томск: ТГУ},	
	number={2},
  year={2013},
  pages={102–111},
  language = {russian}
}
%ok83
@article{Phakhi2013,
  title={Компьютерный метод локализации лиц на изображениях в сложных условиях освещения},
  author={А.~И.~Пахирка},
  journal={Автореферат– Красноярск},	
  year={2013},
  pages={1-16},
  language = {russian}
}
%ok84
@article{Goldstein1991,
  title={Identification of Human Faces},
  author={A.~J.~Goldstein and L.~D.~Harmon and A.~B.~Lesk},
  journal={Proceeding of the IEEE},	
	volume={59},
  year={1991},
  pages={748–760},
  language = {english}
}
%ok85
@article{Kang2006,
  title={Human Motion Modeling and Simulation by Anatomical Approach},
  author={J.~Kang and B.~Badi and Y.~Zhao [et al.]},
  journal={Proceeding of the IEEE},	
	volume={5},
  year={2006},
  pages={1325-1332},
  language = {english}
}
%ok86
@article{Saaidi2008,
  title={Self Calibration using a Particular Motion of Camera},
  author={A.~Saaidi and A.~Halli and H.~Tairi [et al.]},
  journal={PWSEAS Transaction on Computer Research},	
	volume={3},
  year={2008},
  pages={295-299},
  language = {english}
}
%ok87
@article{anwef2011,
  title={Цифровые методы обработки видеоинформации и видеоаналитика},
  author={С.~Н.~Ярышев},
  journal={Учебное пособие, СПбГУ ИТМО},	
	volume={3},
  year={2011},
  pages={83-103},
  language = {russian}
}
%ok88 
@article{Belhumeur1997,
  title={Recognition Using Class Specific Linear Projection},
  author={P.~N.~Belhumeur and J.~P.~Hespanha and D.~J.~Kriegman},
  journal={IEEE Transactions on Pattern Analysis and Machine Intelligence},	
	volume={19},
  year={1997},
  pages={711–720},
  language = {english}
}
%ok89
@article{Hallinan1999,
  title={Two- and Three-Dimensional Patterns of the Face},
  author={P.~L.~Hallinan and G.~G.~Gordon and A.~L.~Yuille [et al.]},
  journal={Natick: A.K. Peters Ltd.},	
  year={1999},
  pages={260-278},
  language = {english}
}
%ok90
@article{Freund1997,
  title={A Decision Theoretic Generalization of On-Line Learning and an Application on Boosting},
  author={Y.~Freund and R.~E.~Schapire},
  journal={Journal of computer and system sciences},	
	volume={55},
  year={1997},
  pages={119-139},
  language = {english}
}
%ok91
@article{Freund1996,
  title={Experiments with a New Boosting Algorithm},
  author={Y.~Freund and R.~E.~Schapire},
  journal={Machine Learning: Proceedings of the Thirteenth International Conference},	
	volume={55},
  year={1996},
  pages={148-156},
  language = {english}
}
%ok92
@article{Sochman2004,
  title={AdaBoost with totally corrective updates for fast face detection},
  author={J.~Sochman and J.~Matas},
	journal={IEEE Conference},
  address={Center for Machine Perception, Czech Technical University, Prague},	
  year={2004},
  url={http://cmp.felk.cvut.cz/~sochmj1/.},
  language = {english}
}
%ok93
@article{Su2005,
  title={Multiple Fisher Classifiers Combination for Face Recognition based on Grouping AdaBoosted Gabor Features},
  author={Y.~Su and S.~Shan and B.~Cao [et al.]},
	journal={Proceedings of British Machine Vision Conference},
  address={Oxford, UK},	
  year={2005},
  language = {english}
}
%ok94. 
@article{Viola2001,
  title={Fast and Robust Classification Using Symmetric AdaBoost and a Detector Cascade},
  author={P.~Viola and M.~Jones},
	journal={Neural Information Processing Systems},
  address={Vancouver},	
  year={2001},
	pages={1311–1318},
  language = {english}
}
%ok95. 
@article{Violaj2001,
  title={Rapid object detection using a boosted cascade of simple features},
  author={P.~Viola and M.~Jones},
	journal={IEEE Conf. On Computer Vision and Pattern Recognition},
  address={Kauai, Hawaii, USA},	
	volume={1},
  year={2001},
	pages={511–518},
  language = {english}
}
%ok95. 
@article{Viola2004,
  title={Robust real-time face detection},
  author={P.~Viola and M.~Jones},
	journal={International Journal of Computer Vision},
	volume={57},
	number={2},
  year={2004},
	pages={137–154},
  language = {english}
}
%ok96. 
@article{Masoud2005,
  title={Face Recognition using Wavelet, PCA, and Neural Networks},
  author={ M.~Masoud and S.~Kasaei },
	journal={Proceeding of the First International Conference on Modeling, Simulation and Applied Optimization},
	address={Sharjah, U.A.E.},
  year={2005},
	pages={1-3},
  language = {english}
}
%ok97. 
@book{Hinton2012,
  title={Improving neural networks by preventing co-adaptation of feature detectors},
  author={G.~E.~Hinton and N.~Srivastava and A.~Krizhevsky [et al.]},
	booktitle={Neural and Evolutionary Computing},
	address={Canada},
  year={2012},
  language = {english}
}
%ok971
@book{Sizikov2011,
  title={Обратные прикладные задачи и MatLab},
	author={В.~С.~Сизиков},
	publisher={СПб: Лань},
	address={Санкт-Петербург},
	pages={256 c.},
  year={2011},
  language = {russian}
}
%ok972
@book{Sizikov260,
  author={В.~С.~Сизиков},
	title={Интегральные уравнения и MatLab в задачах томографии, иконики и спектроскопии},
	publisher={СПб - Saarbrucken: LAP (LAMBERT Academic Publishing)},
	address={Санкт-Петербург},
	pages={260},
  year={2011},
  language = {russian}
}

%ok44-48
@article{Jones2002,
  title={Statistical color models with application to skin detection},
  author={M.~J.~Jones and J.~M.~Rehg},
  journal={Interna- tional Journal of Computer Vision (IJCV)},	
  volume={46},
	issue={1},
  year={2002},
  pages={81-96},
  language = {english}
}
%
	@article{TLong1,
  title={О распознавании и классификации дефектов дорожного покрытия на основе изображений},
  author={Т.~Х.~Нгуен and Т.~Л.~Нгуен},
  journal={Вестник ИРНИТУ},	
  number={10},
  year={2016},
  pages={111-118},
  language = {russian}
}
	@article{TLong2,
  title={On Road Defects Detection and Classification},
  author={T.~H.~Nguyen and T.~L.~Nguyen and A.~Zhukov},
  journal={Supplementary Proceedings of the 5th International Conference on Analysis of Images, Social Networks and Texts (AIST 2016)},	
  volume={1710},
  year={2016},
  pages={266-278},
  language = {english}
}
%
@article{Belongie2002,
  title={Shape matching and  object recognition using shape contexts},
  author={S.~Belongie and J.~Malik and J.~Puzicha},
  journal={IEEE Transactions on Pattern Analysis and Machine Intelligence},	
  year={2002},
	volume={24},
	number={4},
  pages={509–522},
  language = {english}
}

%Sizikov
@article{Sizikov2014,
  title={Предшествующая и последующая фильтрация шумов в алгоритмах восстановления изображений},
  author={В.~С.~Сизиков and Р.~А.~Экземпляров},
  journal={Научно-технический вестник информационных технологий, механики и оптики},	
  volume={89},
	issue={1},
  year={2014},
  pages={112-122},
  language = {russian}
}
%ok98.  
@book{Sergios2006,
  title={Pattern Recognition},
  author={T.~Sergios and K.~Koutroumbas},
	booktitle={Academic Press},
  year={2006},
  language = {english}
}
%ok99.  
@book{Dunne2007,
  title={A Statistical Approach to Neural Networks for Pattern},
  author={R.~A.~Dunne},
	booktitle={John Wiley & Sons},
  year={2007},
  language = {english}
}
%ok100.  
@book{Colin2000,
  title={Artificial Neural networks and Information Theory},
  author={F.~Colin},
	booktitle={Departmeeent of Ciomputing and information Systems, The University of Paisley},
  year={2000},
  language = {english}
}
%ok101.  
@book{Kamruzzaman2006,
  title={Artificial Neural Networks in Finance and Manufacturing},
  author={J.~Kamruzzaman and R.~Begg},
	booktitle={Idea Group Publishing},
  year={2006},
  language = {english}
}
%ok102. 
@article{Rowley1998,
  title={Neural network-based face detection},
  author={H.~A.~Rowley and S.~Baluja and T.~Kanade},
	journal={IEEE Trans. Pattern Anal. Mach. Intell. 20},
  year={1998},
	pages={23–38},
  language = {english}
}
%ok103. 
@article{Lin1997,
  title={Face recognition/detection by probabilistic decision-based neural network},
  author={S.~H.~Lin and S.~Y.~Kung and L.~J.~Lin},
	journal={IEEE Trans. Neural Networks},
  year={1997},
	pages={114–132},
  language = {english}
}
%ok104.  
@article{Juell1996,
  title={A hierarchical neural network for human face detection },
  author={P.~Juell and R.~Marsh},
	journal={IEEE Trans. Neural Networks},
	volume={29},
	Issue={5},
  year={1996},
	pages={781–787},
  language = {english}
}
%ok105.   
@article{Vapnik1995,
  title={Support-vector networks},
  author={V.~Vapnik and C.~Cortes},
	journal={Machine Learning},
	volume={20},
	Issue={3},
  year={1995},
	pages={273–297},
  language = {english}
}
%ok106.    
@article{Nasser2011,
  title={Real-Time Hand Gesture Detection and Recognition Using Bag-of-Features and Support Vector Machine Techniques},
  author={H.~D.~Nasser and N.~D.~Georganas},
	journal={IEEE Transactions on Instrumentation and Measurement},
	volume={60},
	number={11},
  year={2011},
	pages={3592–3607},
  language = {english}
}
%ok107.   
@article{Dardas2010,
  title={Hand gesture recognition using bag-of-features and multi-class support vector machine},
  author={N.~Dardas and Q.~Chen and N.~Georganas [et al.]},
	journal={9th IEEE Int. Workshop HAVE},
  year={2010},
	pages={1-5},
  language = {english}
}
%ok108.   
@article{Jiang2007,
  title={Towards optimal bag-of features for object categorization and semantic video retrieval},
  author={Y.~Jiang and C.~Ngo and J.~Yang},
	journal={ACM Int. Conf. Image Video Retrieval},
  year={2007},
	pages={494–501},
  language = {english}
}
%ok109.    
@article{Lazebnik2006,
  title={Beyond bags of features: Spatial pyramid matching of recognizing natural scene categories},
  author={S.~Lazebnik and C.~Schmid and J.~Ponce},
	journal={IEEE Conf. Comput. Vis. Pattern Recog.},
  year={2006},
	pages={2169–2178},
  language = {english}
}
%ok110.    
@article{Yogameena2010,
  title={Support Vector Machine-Based Human Behavior Classification in Crowd through Projection and Star Skeletonization},
  author={B.~Yogameena and E.~Komagal and M.~Archana [et al.]},
	journal={Journal of Computer Science },
	volume={6},
	number={9},
  year={2010},
	pages={1008-1013},
  language = {english}
}
%ok111.    
@article{Nguyen2015,
  title={Studies of anthropometrical features using machine learning approach},
  author={T.~L.~Nguyen and T.~H.~Nguyen and A.~Zhukov},
	journal={Analysis of images, social networks, and texts-ASIT2015},
	volume={1452},
  year={2015},
	pages={96 -105},
  language = {english}
}
%ok112.    
@article{Breiman2002,
  title={Manual On Setting Up, Using, And Understanding Random Forests V3.1},
  author={L.~Breiman},
	journal={Machine Learning Journal Paper},
  year={2002},
  url={http://oz.berkeley.edu/users/breiman/Using_random_forests_V3.1.pdf},
  language = {english}
}
%ok113.    
@article{Breiman2001,
  title={Random Forests},
  author={L.~Breiman},
	journal={Machine Learning Journal Paper},
	volume={45},
  year={2001},
  language = {english}
}

%ok114.    
@article{Biggio2011,
  title={A survey and experimental evaluation of image spam filtering techniques},
  author={B.~Biggio and G.~Fumera and I.~Pillal [et al.] },
	journal={Pattern Recognition Letters},
	volume={32},
	Issues={10},
  year={2011},
	pages={1436–1446},
  language = {english}
}
%ok115.    
@article{Graham1997,
  title={Face recognition using virtual parametric eigenspace signatures},
  author={D.~B.~Graham and N.~M.~Allinson},
	journal={Image Processing and its Applications},
  year={1997},
	pages={106-110},
  language = {english}
}
%ok116.    
@article{Zouhour2006,
  title={Automatic locating of anthropometric landmarks on 3d human models},
  author={Z.~B.~Zouhour and C.~Shu and A.~Mantel},
	journal={IEEE Computer Society-Proceedings of the Third International Symposium on 3D Data Processing, Visualization, and Transmission (3DPVT'06)},
  year={2006},
	pages={750-757},
  language = {english}
}
%ok117.    
@article{Robinette2006,
  title={Precision of the CAESAR scan-extracted measurements},
  author={K.~M.~Robinette and H.~A.~Daanen},
	journal={Applied Ergonomics},
	volume={37},
	number={3},
  year={2006},
	pages={259-265},
  language = {english}
}
@article{Bengio2013,
  title={Deep learning of representations: looking forward. In Statistical Language and Speech Processing},
  author={Y.~Bengio},
	journal={Springer},
	volume={7978},
  year={2013},
	pages={1-37},
  language = {english}
}
@online{Mini,
	title = {MiniMovie-Slideshow Video Edit},
	howpublished = {\url{https://play.google.com/store/apps/details?id=com.asus.microfilm&hl=en}},
	note = {Дата доступа: 2017}
}
@online{Videoedit,
	title = {Video Editor},
	howpublished = {\url{https://play.google.com/store/apps/details?id=com.wevideo.mobile.android&hl=en}},
	note = {Дата доступа: 2017}
}
@online{M2016,
	title = {Маскарад},
	howpublished = {\url{https://play.google.com/store/apps/details?id=me.msqrd.android&hl=ru}},
	note = {Дата доступа: 2017}
}
%ok118.    
@online{Uk2013,
	title = {SizeUK - The National Sizing Survey },
	Address = {London-UK},
	publisher = {SizeUK on Sizemic website },
	howpublished = {\url{http://www.sizemic.eu/sizeuk.html}},
	note = {Дата доступа: 2017}
}

%ok119.    
@online{Usa2013,
	title = {SizeUSA - The National Sizing Survey },
	Address = {USA},
	publisher = {SizeUSA on Sizemic website },
	howpublished = {\url{http://www.sizeusa.com}},
	note = {Дата доступа: 2017}
}
%ok120.    
@online{Hexagon2016,
	title = {Breuckmann gmbh web site},
	Address = {USA},
	publisher = {DOPR2016},
	howpublished = {\url{http://www.breuckmann.com.}},
	note = {Дата доступа: 2017}
}
%ok121.    
@article{Sobota2009,
  title={3D Scanner Data Processing},
  author={B.~Sobota and M.~Rovnak and C.~Szabo},
	journal={Journal of Information, Control and Management Systems},
  year={2009},
	volume={9},
	number={2},
	pages={173-181},
  language = {english}
}
%ok122.   
@book{Burger2009,
  title={Fundamental Techniques},
  author={W.~Burger and M.~J.~Burge},
	booktitle={Principles of Digital Image Processing},
  year={2009},
	Publisher={Springer-Verlag London},
  language = {english}
}
%ok120.   
@online{Min3D,
	title = {Min3D library},
	Address = {USA},
	howpublished = {\url{https://code.google.com/p/min3d.}},
	note = {Дата доступа: 2017}
}
%ok120.   
@online{Make,
	title = {MakeHuman library},
	Address = {USA},
	howpublished = {\url{http://www.makehuman.org.}},
	note = {Дата доступа: 2017}
}
%ok1201.  
@online{Findface,
	author = {A.~Kuharenko and A.~Kabakov},
	title = {FindFace},
	Address = {Russia},
	howpublished = {\url{http://www.Findface.ru.}},
	note = {Дата доступа: 2017}
}
@article{Vladimir2000,
  title={Variable Selection in Random Forest with Application to Quantitative Structure Activity Relationship},
  author={V.~Svetnik and A.~Liaw and C.~Tong},
	journal={Biometrics Research, Merck Co., Inc. P.O.},
  year={2000},
	pages={300-323},
  language = {english}
}
%ok123.    
@book{Solomon2011,
  title={Practical Approach with Examples in Matlab},
  author={C.~Solomon and T.~Breckon},
	booktitle={Fundamentals of Digital Image Processing},
  year={2011},
	ISBN={978-0-470-84472-4},
	Publisher={Springer-Verlag},
  language = {english}
}
%ok124
@article{Mittal2004,
  title={Motion Based Background Subtraction using Adaptive Kernel Density Estimation},
  author={A.~Mittal and M.~Paragios},
	journal={IEEE Computer Society Conference on Computer Vision and Pattern Recognition (CVPR 2004)},
  year={2004},
	pages={302-309},
  language = {english}
}
%ok125
@article{Stauffer2009,
  title={Adaptive Background mixture models for Real-time tracking},
  author={C.~Stauffer and W.~Grimson},
	journal={Computer Vision of Pattern Recognition},
	volume={2},
  year={2009},
	pages={750-755},
  language = {english}
}
%ok126
@article{Figueiredo2002,
  title={Unsupervised Learning of Finite Mixture Models},
  author={M.~Figueiredo and A.~K.~Jain},
	journal={IEEE Trans. Pattern Analysis and Machine Intelligence},
	volume={24},
	number={3},
  year={2002},
	pages={381-396},
  language = {english}
}
%ok127
@book{Bishop2006,
  title={Pattern Recognition and Classification},
  author={C.~M.~Bishop},
	booktitle={Fundamentals of Digital Image Processing},
  year={2011},
	ISSN={1613-9011},
	ISBN={978-0-387-31073-2},
	Publisher={Springer Press-2006},
  language = {english}
}
%ok128
@article{Sagiv2006,
  title={Integrated Active Contours for Texture Segmentation},
  author={C.~Sagiv and N.~Sochen and Y.~Y.~Zeevi},
	journal={IEEE Transactions on Image Processing},
	volume={15},
	number={6},
  year={2006},
	pages={1633–1646},
  language = {english}
}
%ok129
@article{Raviv2007,
  title={Prior Based Segmentation and Shape Registration in The Presence of Projective Distortion},
  author={R.~T.~Raviv and N.~Kiryati and N.~Sochen},
	journal={International Journal of Computer Vision},
	volume={72},
	number={3},
  year={2007},
	pages={309–328},
  language = {english}
}
%ok130
@article{Boykov2001,
  title={Fast approximate energy minimization via Graph Cuts},
  author={Y.~Boykov and V.~Zabih},
	journal={IEEE PAMI},
	volume={23},
	number={11},
  year={2001},
	pages={1222-1239},
  language = {english}
}
%ok131
@article{Cormen2001,
  title={Section 26.2: The Ford–Fulkerson method},
  author={T.~H.~Cormen and C.~E.~Leiserson and R.~L.~Rivest and S.~Clifford},
	journal={Introduction to Algorithms (Second ed.). MIT Press and McGraw–Hill},
	ISBN ={0-262-03293-7},
  year={2001},
	pages={651–664},
  language = {english}
}
%ok132
@article{Ford1956,
  title={Maximal flow through a network},
  author={L.~R.~Ford and D.~R.~Fulkerson},
	journal={Canadian Journal of Mathematicsl},
  year={1956},
	pages={399–404},
  language = {english}
}
%ok133
@article{Boykovv2001,
  title={An experimental comparison of mincut/ maxflow algorithms for energy minimization in vision},
  author={Y.~Boykov and V.~Kolmogorov},
	journal={International Workshop on Energy Minimization Methods in Computer Vision and Pattern Recognition (EMMCVPR)},
  year={2001},
	pages={359_374},
  language = {english}
}
%ok134
@article{Boykov2004,
  title={An experimental comparison of mincut/ maxflow algorithms for energy minimization in vision},
  author={Y.~Boykov and V.~Kolmogorov},
	journal={PAMI},
  year={2004},
	volume={26},
	number={9},
	pages={1124–1137},
  language = {english}
}
%ok135
@article{Besl1992,
  title={A Method for Registration of 3-D Shapes},
  author={P.~Besl and N.~McKay},
	journal={IEEE Trans. on Pattern Analysis and Machine Intel},
  year={1992},
	volume={14},
	number={2},
	pages={239-256},
  language = {english}
}
%ok136
@article{Gelfan2003,
  title={Geometrically Stable Sampling for the ICP Algorithm},
  author={N.~Gelfan and L.~Ikemoto and S.~Rusinkiewicz [et al.]},
	journal={Fourth International Conference on 3-D Digital Imaging and Modeling},
  year={2003},
	pages={260},
  language = {english}
}
%ok137
@article{Rusinkiewicz2001,
  title={Efficient Variants of the ICP Algorithm},
  author={S.~Rusinkiewicz and M.~Levoy},
	journal={Third International Conference on 3-D Digital Imaging and Modeling},
  year={2001},
	pages={145},
  language = {english}
}
%ok138
@article{long2,
  title={Automatic Anthropometric System Development Using Machine Learning},
  author={L. T. Nguyen and H. T. Nguyen},
	journal={BRAIN. Broad Research in Artificial Intelligence and Neuroscience},
	volume={7},
	number={2},
  year={2016},
	pages={5-15},
  language = {russian}
}
%ok139
@article{long1,
  title={Об автоматизации извлечения и классификации антропометрических признаков},
  author={Т.~Л.~Нгуен and Т.~Х.~Нгуен},
	journal={Вестник Иркутского гос. технического ун-та},
  year={2015},
	pages={17-23},
  language = {russian}
}
%ok139
@article{Gopal,
  title={A quantile-based anthropometry synthesis technique for global user populations},
  author={G.~Nadadur and U.~Raschke and M.~B. Parkinson},
	journal={International Journal of Industrial Ergonomics},
  year={2016},
	volume={53},
	pages={167-178},
  language = {english}
}
%ok139
@article{Adams,
  title={Accuracy of blood pressure measurement and anthropometry among volunteer observers in a large community survey},
  author={C.~Adams and V.~Burke and L.~J. Beilin},
	journal={Journal of Clinical Epidemiology},
  year={2002},
	volume={55},
	pages={338-344},
  language = {english}
}
%ok140
@article{grudinin2014,
  title={Предметная параметризация виртуальных манекенов},
  author={С.~Н.~Грудинин and В.~Д.~Фроловский},
	journal={Автоматика и программная инженерия},
  year={2014},
	volume={1},
	pages={53-56},
  language = {russian}
}
%ok141
@article{grudinin2009,
  title={Автоматизация проектирования нестандартных параметризованных 3D манекенов},
  author={С.~Н.~Грудинин and Г.~Балжирсурэн},
	journal={Научный весник НГТУ 2009},
  year={2009},
	volume={1},
	pages={117-128},
  language = {russian}
}
%MTailor
@online{MTailor,
	title = {MTailor - Stop Wearing Another Man's Clothing},
	howpublished = {\url{https://play.google.com/store/apps/details?id=com.mtailor.android&hl=en.}},
	note = {Дата доступа: 2017},
	language = {english}
}
%Cremers
@online{Cremers,
	author = {D. Cremers},
	title = {Continuous and Discrete Optimization Methods in Computer Vision},
	howpublished = {\url{http://cms.brookes.ac.uk/research/visiongroup/talks/cremers/cremers_oxford07.pdf.}},
	note = {Дата доступа: 2017},
	language = {english}
}
% D.N.Sidorov professor
%ok
@inproceedings{sidorov2002suppression,
  title={Suppression of moir{\'e} patterns via spectral analysis},
  author={Sidorov, Denis N and Kokaram, Anil C},
  booktitle={Electronic Imaging 2002},
  pages={895--906},
  year={2002},
  organization={International Society for Optics and Photonics}
}
%ok
@book{sidorov2015integral,
  title={Integral Dynamical Models: Singularities, Signals and Control},
  author={D.~Sidorov},
	pages={260},
  year={2015},
  address={Singapore},
 publisher={World Scientific Pte Ltd},
language = {english}
}

%ok
@inproceedings{kokaram2002robust,
  title={Robust and automatic digital restoration systems: Coping with reality},
  author={Kokaram, Anil and Bornard, Rapha{\"e}l and Rares, Andrei and Sidorov, Denis and Chenot, Jean-Hugues and Laborelli, Louis and Biemond, Jan},
  booktitle={Proc. Int. Broadcasting Convention (IBC)},
  year={2002}
}

%ok
@inproceedings{sidorov2002removing,
  title={Removing moire from degraded video archives},
  author={D.~N. ~Sidorov~ and ~A.~C. ~Kokaram},
  booktitle={Signal Processing Conference, 2002 11th European},
  pages={1--4},
  year={2002},
  organization={IEEE}
}
%ok
@book{Sidorov2013method,
  title={Методы анализа интегральных динамических моделей},
  author={Сидоров, Д.Н.},
  year={2013},
	pages={293 c.},
	address={Иркутск},
  publisher={Изд-во ИГУ},
	language={russian}
	}
% student paper1 ok
@article{Sira2016,
  title={Классификация цифровых маммограмм с использованием набора классификаторов},
  author={А.~В.~Сиразитдинов and Т.~A.~Семенов},
	journal={Материалы X Международной научно-технической конференции молодых специалистов, аспирантов и студентов},
  year={2016},
	pages={96-101},
  language = {russian}
}

% student paper2 ok
@article{Seme2016,
  title={Автоматическое восстановление цвета на изображении},
  author={Т.~A.~Семенов and А.~В.~Сиразитдинов},
	journal={Материалы X Международной научно-технической конференции молодых специалистов, аспирантов и студентов},
  year={2016},
	pages={80-83},
  language = {russian}
}

% student paper3 ok
@article{Sira2015,
  title={Локальные признаки 2D изображений},
  author={А.~В.~Сиразитдинов},
	journal={Актуальные направления научных исследований XXI века: Теория и практика},
  year={2015},
	pages={257-261},
  language = {russian}
}

%Boosting
@online{Boosting,
	title = {Бустинг},
	howpublished = {\url{http://www.machinelearning.ru/wiki/index.php?title=Бустинг.}},
	note = {Дата доступа: 2017},
	language = {russian}
	}
	
@article{Kurbatsky,
  title={Прогнозирование нестационарных временных рядов на основе преобразования Гильберта–Хуанга и машинного обучения},
  author={В.~Г.~Курбацкий and Д.~Н.~Сидоров and В.~А.~Спиряев [et al.]},
	journal={Автомат. и телемех.},
  year={2014},
	volume={5},
	pages={143–158},
  language = {russian}
		}
 %Background Subtraction
@online{BS,
	author = {B.~Tamersoy},
	title = {Background Subtraction},
	howpublished = {\url{http://www.cs.utexas.edu/~grauman/courses/fall2009/slides/lecture9_background.pdf.}},
	note = {Дата доступа: 2017},
	language = {english}
	}
	%OpenCV
@online{OpenCV,
	title = {OpenCV - Open source computer vision},
	howpublished = {\url{http://opencv.org/.}},
	note = {Дата доступа: 2017},
	language = {english}
	}
	%Sapiro
@book{Sapiro,
  title={Компьютерное зрение = Computer Vision : [учеб. пособие]},
  author={А. А. Богуславский and Л. Шапиро},
  year={2013},
	pages={762},
  address={М. : БИНОМ. Лаборатория знаний.},
 publisher={2-е изд. (эл.)},
language = {russian}
}
%Yroslavsky
@book{Yroslavsky1979,
  title={Введение в цифровую обработку изображений},
  author={Л. П. Ярославский},
  year={1979},
	pages={312},
  publisher={М.: Сов. радио.},
language = {russian}
}
%Belyavtsev
@article{Belyavtsev1998,
  title={Алгоритмы фильтрации изображений с адаптацией размеров апертуры},
  author={В.~Г.~Белявцев and Ю.~Е.~Воскобойников},
	journal={Автометрия.},
  year={1998},
	volume ={3},
	pages={18-25},
  language = {russian}
		}
%Kokaram
@book{Kokaram2013,
  title={Motion Picture Restoration: Digital Algorithms for Artefact Suppression in Degraded Motion Picture Film and Video},
  author={A.~C.~Kokaram},
  year={2013},
	pages={334},
  publisher={Springer Science \& Business Media},
language = {english}
}

@inproceedings{sid2005,
author = {D.~N.~Sidorov and J.~F.~Lerallut and J.~P.~Cocquerez [et al.]},
title = {Robust retrieval from compressed medical image archives},
journal = {Proc. SPIE},
volume = {5748},
number = {},
pages = {419-426},
year = {2005},
language = {english}
}
@article{osameh2014,
  title={Human Detection Using SURF and SIFT Feature Extraction Methods in Different Color Spaces},
  author={B. Osameh and A. Reza and R. Majid},
	journal={J. Math. Computer Sci.},
  year={2014},
	volume ={11},
	pages={111-122},
  language = {english}
		}
%subpixel
@article{Shimizu2003,
  title={Significance and attributes of subpixel estimation on area-based matching},
  author={M. Shimizu and M. Okutomi},
	journal={Syst. Comp. Jpn.},
  year={2003},
	volume={34},
	number={12},
	pages={1-10},
  language = {english}
		}
%	Выпуклая оболочка	
@book{Polovinkin2004,
  title={Элементы выпуклого и сильно выпуклого анализа},
  author={Е.~С.~Половинкин and М.~В.~Балашов},
  year={2004},
	pages={416},
  publisher={М.: Физматлит},
	ISBN={5-9221-0499-3},
language = {russian}
}
%UML
@book{Zendler1997,
  title={Advanced Concepts, Life Cycle Models and Tools for Object-Oriented Software Development},
  author={A. Zendler and S. Gastinger and W. Hensse [et al.]},
  year={1997},
	pages={273},
  publisher={Tectum Verlag},
language = {english}
}
%Harris detector
@article{Harris1988,
author = {C. Harris and M. Stephens},
title = {A combined corner and edge detector},
journal = {Proceedings of the 4th Alvey Vision Conference},
pages = {147-151},
year = {1988},
language = {english}
}

@article{Sidorov2016,
author = {A. V. Zhukov and D. N. Sidorov and A. M. Foley},
title = {Random Forest Based Approach for Concept Drift Handling},
journal = {AIST 2016: Analysis of Images, Social Networks and Texts},
pages = {69-77},
year = {2016},
language = {english}
}

@article{Sidorov2008,
author = {D. N. Sidorov and S.W. Wong and I. Vasilyev [et al.]},
title = {Automatic Defects Classification with p-median Clustering Technique},
journal = {Proc. of 10th Intl Conf. on Control, Automation, Robotics and Vision (ICARCV)},
pages = {775-780},
address = {Hanoi, Vietnam},
year = {2008},
language = {english}
}

@article{Talita2005,
author = {A. P. Talita and L. O. Glauber and S. O. Juliana [et al.]},
title = {Technical error of measurement in anthropometry},
journal = {Rev Bras Med Esporte},
volume = {11},
number = {1},
pages = {86-90},
year = {2005},
language = {english}
}

@article{Otsu1979,
author = {N. Otsu},
title = {A threshold selection method from gray-level histograms},
journal = {IEEE Trans. Sys., Man., Cyber. },
volume = {9},
number = {1},
pages = {62-66},
year = {1979},
language = {english}
}

@article{longbaikal2014,
author = {Т.~Л.~Нгуен and Т.~Х.~Нгуен},
title = {Методы математической морфологии в цифровой обработке изображений},
journal = {Труды XIX Байкальской Всероссийской конференции <<информационные и математические технологии в науке и управлении>>},
publisher = {ИСЭМ СО РАН},
address = {Иркутск},
volume = {9},
number = {3},
pages = {75-81},
year = {2014},
language = {russian}
}

@article{Zubuk2007,
author = {А.~В.~Зубюк},
title = {Алгоритмы идентификации изображений в случайной и нечёткой морфологии},
journal = {Математические методы распознавания образов, 13-я Всероссийская конференция: Сб. докл},
publisher = {М.: МАКС Пресс},
pages = {30-32},
year = {2007},
language = {russian}
}

@article{Zubuk2013,
author = {А.В. Зубюк},
title = {Вычисления на графических процессорах в задачах анализа сцен по их изображениям методами случайной морфологии},
journal = {Математическое моделирование},
pages = {48-58},
volume = {25},
number = {7},
year = {2013},
language = {russian}
}

