@article{h1,
  title={Practical Machine Learning Tools and Techniques (Third Edition)},
  author={I.~H.~Witten and E.~Frank},
  journal={Data Mining.},	
  year={2005},
  pages={628},
  language = {english}
}
%ok2
@article{h2,
  title={Machine Learning for Human Motion Analysis},
  author={L.~Wang and L.~Chengand G.~Zhao},
  journal={IGI Global.},	
  year={2009},
  pages={318},
  language = {english}
}
%ok3
@online{h3,
	title = {Google},
	Address = {USA},
	howpublished = {\url{https://google.com.}},
	note = {Дата доступа: 2017}
}
%ok4
@online{h4,
	title = {Yadex},
	Address = {USA},
	howpublished = {\url{https://https://yadex.ru.}},
	note = {Дата доступа: 2017}
}
%ok5
@online{h5,
	title = {VK},
	Address = {Russian},
	howpublished = {\url{https://vk.com.}},
	note = {Дата доступа: 2017}
}
%ok6
@online{h6,
	title = {Facebook},
	Address = {USA},
	howpublished = {\url{https://facebook.com.}},
	note = {Дата доступа: 2017}
}
%ok7
@article{h7,
  title={Machine learning for medical images analysis},
  author={A.~Criminisi},
	volume={33},
  journal={JACR – Medical image analysis.},	
  year={2016},
  pages={91-93},
  language = {english}
}
%ok8
@article{h8,
  title={Machine learning approaches in medical image analysis: From detection to diagnosis},
  author={M.~D.~Bruijne},
	volume={33},
  journal={JACR – Medical image analysis.},	
  year={2016},
  pages={94-97},
  language = {english}
}
%ok9
@article{h9,
  title={Machine Learning Paradigms for Speech Recognition: An Overview},
  author={L.~Deng and X.~Li},
	volume={21},
	issue={5},
  journal={IEEE Transactions on Audio, Speech, and Language Processing.},	
  year={2013},
  pages={1060-1089},
  language = {english}
}
%ok10
@article{h10,
  title={Modeling human activities as speech},
  author={C.~C.~Chen and J.~K.~Aggarwal},
  journal={Computer Vision and Pattern Recognition (CVPR) 2011 IEEE Conference on.},	
  year={2011},
	ISSN={1063-6919},
  pages={3425-3432},
  language = {english}
}
%ok11
@article{h11,
  title={A novel anomaly detection scheme based on principal component classifier},
  author={M.~L.~Shyu and S.~C.~Chen and K.!Sarinnapakorn [et al.]},
  journal={Proceedings of the IEEE Foundations and New Directions of Data Mining Workshop.},	
  year={2003},
  pages={172-179},
	Address={Melbourne, USA},
  language = {english}
}
%ok12
@article{h12,
  title={Feature Selection for Unbalanced Class Distribution and Naive Bayes},
  author={D.~Mladenic and M.~Grobelnik},
  journal={In Proceedings of the 16th International Conference on Machine Learning.},	
  year={1999},
  pages={258-267},
	Address = {Morgan Kaufmann},
  language = {english}
}
%ok13
@article{h13,
  title={Adaptive Road Crack Detection System by Pavement Classification},
  author={M.~Gavilan and D.~Balcones and O.~Marcos},
  journal={Sensors.},	
	volume={11},
	number={10},
  year={1999},
  pages={9628-9657},
  language = {english}
}
%ok14
@article{h14,
  title={Use of Artificial Living System for Pavement Distress Survey},
  author={H.~G.~Zhang and Q.~Wang},
  journal={Industrial Electronics Society, 30th Annual Conference of IEEE.},	
  year={2004},
	Address={Pusan, Korea},
  pages={2486-2490},
  language = {english}
}
%ok15
@article{h15,
  title={Surface Distresses Detection of Pavement Based on Digital Image Processing},
  author={A.~Ouyang and C.~Luo and C. Zhou},
  journal={Advances in Information and Communication Technology.},	
  year={2011},
  pages={368-375},
  language = {english}
}
%ok16
@article{h16,
  title={Integrated Pavement Management System with a Markovian Prediction Model},
  author={K~A.~Abaza and S.~A.~Ashur and I.~A.~A.~Khatib},
  journal={Journal of Transp. Eng.},	
	volume={130},
	number={1},
  year={2004},
  pages={24-33},
  language = {english}
}
%ok17
@article{h17,
  title={Supervised Learning and Automatic Recognition of Asphalt Pavement Deteriorations},
  author={G.~Younes and C.~Hadda and Z.~Djellou},
  journal={MASAUM Journal of Basic and Applied Sciences.},	
	volume={1},
	number={2},
  year={2009},
  pages={254-259},
  language = {english}
}
%ok18
@online{h18,
	title = {CSIRO RoadCrack Specifications},
	Address = {USA},
	howpublished = {\url{http://www.csiro.au/en/Research/MF/Areas/Innovation/Prototyping/Road-Crack-Detection.}},
	note = {Дата доступа: 2016}
}
%ok19
@online{h19,
	title = {Roadware Group Inc, Wisecrax data sheet},
	Address = {USA},
	howpublished = {\url{http://www.roadware.com/related/down-loads/WiseCrax-Brochure.}},
	note = {Дата доступа: 2004}
}
%ok20
@article{h20,
  title={Support Vector Machines for active learning in the drug discovery process},
  author={M.~K Warmuth and J.~Liao and G.~Ratsch},
  journal={Journal of Chemical Information Sciences.},	
	volume={43},
	number={2},
  year={2003},
  pages={667-673},
  language = {english}
}
%ok21
@book{h21,
  title={Introduction to Machine Learning},
  author={E.~Alpaydin},
	booktitle={Machine Learning},
	address={LonDon, UK},
	ISSN={9780262012430},
  year={2009},
	pages={584},
  language = {english}
}
%ok22
@book{h22,
  title={Pattern Recognition and Classification},
  author={C.~M.~Bishop},
	booktitle={Fundamentals of Digital Image Processing},
  year={2011},
	ISSN={1613-9011},
	ISBN={978-0-387-31073-2},
	Publisher={Springer Press-2006},
  language = {english}
}
%ok23
@article{h23,
  title={Alan Mathison Turing. 1912–1954},
  author={M.~H.~A. Newman},
  journal={Biographical Memoirs of Fellows of the Royal Society.},	
	volume={1},
  year={1955},
  pages={253-266},
  language = {english}
}
%ok24
@article{h24,
  title={"Some Studies in Machine Learning Using the Game of Checkers},
  author={A.~Samuel},
  journal={IBM Journal.},	
	volume={3},
	number={3},
  year={1959},
  pages={210-229},
  language = {english}
}
%ok25
@article{h25,
  title={"Comprehensive Overview of KnowItAll},
  author={E.~Oren},
  journal={Artificial Intelligence.},	
	volume={165},
	number={1},
  year={2005},
  pages={91-134},
  language = {english}
}
%ok26
@article{h26,
  title={"A symbolic data-driven technique based on evolutionary polynomial regression},
  author={O.~Giustolisi O and D.~Savic},
  journal={Journal of Hydroinformatics.},	
	volume={8},
	number={3},
  year={2006},
  pages={203-207},
  language = {english}
}
%ok27
@article{h27,
  title={Deep neural networks for acoustic modeling in speech recognition: the shared views of four research groups},
  author={G.~Hinton and L.~Deng and D.~Yu [et al.]},
  journal={IEEE Signal Process.},	
	volume={29},
	number={6},
  year={2012},
  pages={82-97},
  language = {english}
}
%ok28
@online{h28,
	title = {DMTK},
	Address = {USA},
	howpublished = {\url{https://www.dmtk.io/document.html.}},
	note = {Дата доступа: 2011}
}
%ok29
@article{h29,
  title={Supervised Learning Algorithms},
  author={S.~Suthaharan},
  journal={Springer.},	
	volume={36},
  year={2016},
  pages={183-206},
  language = {english}
}
%ok30
@article{h30,
  title={Supervised machine learning: A review of classification techniques},
  author={S.~B.~Kotsiantis},
  journal={MathSciNet.},	
	volume={31},
  year={2007},
  pages={249-268},
  language = {english}
}
%ok31
@article{h31,
  title={Financial time series forecasting using support vector machines},
  author={K.~J.~Kim},
  journal={Neurocomputing.},	
	volume={55},
  year={2003},
  pages={307-319},
  language = {english}
}
%ok32
@article{h32,
  title={Application of neural networks to an emerging financial market: forecasting and trading the Taiwan Stock Index},
  author={A.~S.~Chen and M.~T.~Leung and H.~Daouk},
  journal={Computers Operations Research.},	
	volume={30},
  year={2003},
  pages={901-923},
  language = {english}
}
%ok33
@article{h33,
  title={Classification Learning System Based on Multi-Objective GA and Frigid Weather Forecast},
  author={H.~Zhang and J.~Xu and S.~Zou},
  journal={Computer, Informatics, Cybernetics and Applications.},	
  year={2011},
  pages={1417-1425},
  language = {english}
}
%ok34
@article{h34,
  title={Handwritten Digit Recognition Using Classifier Cooperation Schemes},
  author={D.~Cakmakov and D.~Gorgevik},
  journal={Proceedings of the 2nd Balkan Conference in Informatics.},	
  year={2015},
  pages={23-30},
  language = {english}
}
%ok35
@article{h35,
  title={An Efficient Three- Stage Classifier for Handwritten Digit Recognition},
  author={D.~Gorgevik and D.~Cakmakov},
  journal={IEEE Computer Society.},	
	Address={Cambridge, UK},
  year={2004},
  pages={507-510},
  language = {english}
}
%ok36
@article{h36,
  title={Unsupervised Machine Learning},
  author={R.~Gentleman and V.~J.~Carey},
  journal={Springer.},	
	Address={New York},
  year={2008},
  pages={137-157},
  language = {english}
}
%ok37
@article{h37,
  title={Unsupervised Learning and Clustering},
  author={D.~Greene and C.~Padraig and R.~Mayer},
  journal={Springer.},	
	Address={Berlin Heidelberg},
  year={2008},
  pages={51-90},
  language = {english}
}
%ok38
@article{h38,
  title={Cluster merging and splitting in hierarchical clustering algorithms},
  author={C.~Ding and X.~He},
  journal={IEEE International Conference on Data Mining.},	
	Address={Washington},
  year={2002},
  pages={139},
  language = {english}
}
%ok39
@article{h39,
  title={Improving k-means by outlier removal},
  author={V.~Hautamaki and S.~Cherednichenko and I.~Karkkainen [et al.]},
  journal={In Image Analysis.},	
  year={2005},
  pages={978–987},
  language = {english}
}
%ok40
@article{h40,
  title={Evaluation of hierarchical clustering algorithms for document datasets},
  author={Y.~Zhao and G.~Karypis},
  journal={In Proceedings of the Eleventh International Conference on Information and Knowledge Management.},	
	Address={New York},
  year={2002},
  pages={515–524},
  language = {english}
}
%ok41
@book{h41,
  title={Principles and Theory for Data Mining and Machine Learning},
  author={C.~Bertrand and F.~Ernest and H.~H.~Zhang},
  booktitle={Fundamentals of Digital Image Processing.},	
	Address={New York},
  year={2009},
	ISBN={978-0-387-98135-2},
	Publisher={Springer Press-2009},
  pages={786},
  language = {english}
}
%ok42
@book{h42,
  title={Machine Learning and Data Mining in Pattern Recognition},
  author={P.~Perner},
  booktitle={Fundamentals of Digital Image Processing.},	
  year={2016},
	ISBN={978-3-319-41920-6},
  pages={807},
  Publisher={Springer Press-2016},
  language = {english}
}
%ok43
@book{h43,
  title={Machine Learning and Data Mining for Computer Security},
  author={M.~A.~Maloof},
  booktitle={Fundamentals of Digital Image Processing},	
  year={2006},
	ISBN={978-1-84628-253-9},
	Publisher={Springer Press-2006},
  pages={210},
  language = {english}
}
%ok44
@book{h44,
  title={Pattern Recognition and Machine Learning},
  author={C.~Bishop},
  booktitle={Fundamentals of Digital Image Processing},	
  year={2006},
  pages={738},
  Publisher={Springer Press-2006},
  language = {english}
}
%ok45
@article{h45,
  title={Robust multi-dimensional motion features for first-person vision activity recognition},
  author={G.~Abebe and A.~Cavallaro and X.~Parra},
  journal={Computer Vision and Image Understanding.},	
	Volume={149},
  year={2016},
  pages={229-248},
  language = {english}
}
%ok46
@article{h46,
  title={An efficient multimodal 2D + 3D feature-based approach to automatic facial expression recognition},
  author={H.~Li and H.~Ding and D.~Huang},
  journal={Computer Vision and Image Understanding.},	
	Volume={140},
  year={2015},
  pages={83-92},
  language = {english}
}
%ok47
@article{h47,
  title={Video-based event recognition: activity representation and probabilistic recognition methods},
  author={S.~Hongengand R.~Nevatia and F.~Bremond},
  journal={Computer Vision and Image Understanding.},	
	Volume={96},
	Issue={2},
  year={2004},
  pages={129-162},
  language = {english}
}
%ok48
@article{h48,
  title={A bag-of-words equivalent recurrent neural network for action recognition},
  author={A.~Richard and J.~Gall},
  journal={Computer Vision and Image Understanding.},	
	Volume={156},
  year={2017},
  pages={79-91},
  language = {english}
}
%ok49
@article{h49,
  title={Top-down induction of decision trees classifiers-a survey},
  author={L.~Rokach and O.~Maimon},
  journal={IEEE Transactions on Systems, Man, and Cybernetics.},	
	Volume={35},
  number={4},
  year={2005},
  pages={476–487},
  language = {english}
}
%ok50
@article{h50,
  title={Breeding Decision Trees Using Evolutionary Techniques},
  author={A.~Papagelis and D.~Kalles},
  journal={Proceedings of the Eighteenth International Conference on Machine Learning.},	
  year={2001},
  pages={393-400},
  language = {english}
}
%ok51
@article{h51,
  title={Bayesian CART model search},
  author={C.~A.~Hugh A and E.~I. George and R.~E.~McCulloch},
  journal={Journal of the American Statistical Association.},	
  year={1998},
  pages={935-948},
  language = {english}
}
%ok52
@article{h52,
  title={Support-vector networks},
  author={C.~Cortes and V.~Vapnik},
  journal={Machine Learning.},	
	volume={20},
	number={3},
  year={1995},
  pages={273–297},
  language = {english}
}
%ok53
@article{h53,
  title={A support vector approach for cross-modal search of images and texts},
  author={Y.~Verma and C.~V.~Jawahar},
  journal={Computer Vision and Image Understanding.},	
	Volume={154},
  year={2017},
  pages={48-63},
  language = {english}
}
%ok54
@article{h54,
  title={An Introduction to Recursive Partitioning: Rationale, Application and Characteristics of Classification and Regression Trees, Bagging and Random Forests},
  author={C.~Strobl and J.~Malley and G.~Tutz},
  journal={Psychological Methods.},	
	Volume={14},
	number={4},
  year={2009},
  pages={323-348},
  language = {english}
}
%ok55
@article{h55,
  title={Bagging predictors},
  author={L.~Breiman},
  journal={Machine Learning.},	
	Volume={24},
	number={2},
  year={1996},
  pages={123-140},
  language = {english}
}
%ok56
@article{h56,
  title={An empirical comparison of voting classification algorithms: Bagging, boosting, and variants},
  author={E.~Bauer and R.~Kohavi},
  journal={Machine Learning.},	
	Volume={36},
	number={1},
  year={1999},
  pages={105-139},
  language = {english}
}
%ok57
@article{h57, 
  title={Boosting the mar- gin: A new explanation for the effectiveness of voting methods},
  author={R.~E.~Schapire and Y.~Freund and P.~Bartlett},
  journal={Machine Learning.},	
	Volume={26},
	number={5},
  year={1997},
  pages={1651-1686},
  language = {english}
}
%ok58
@article{h58,
  title={Bias–variance decomposition, In Encyclopedia of Machine Learning},
  author={C.~Sammut and I.~Geoffrey},
  journal={Springer.},	
  year={2011},
  pages={100-110},
  language = {english}
}
%ok59
@article{h59,
  title={Bias–variance analysis of support vector machines for the development of SVM-based ensemble methods},
  author={V.~Giorgio and T.~G.~Dietterich},
  journal={JMLR.},	
  year={2004},
	volume={5},
  pages={725–775},
  language = {english}
}
%ok60
@article{h60,
  title={Neural networks and the bias/variance dilemma},
  author={S.~Geman and E.~Bienenstock and R.~Doursat},
  journal={Neural Computation.},	
  year={1992},
	volume={4},
  pages={1-58},
  language = {english}
}
%ok61
@article{h61,
  title={Introduction of a wavelet transform based on 2D matched filter in a Markov randomfield for fine structure extraction: Application on road crack detection},
  author={S.~Chambon and P.~Subirats and J.~Dumoulin},
  journal={in Proc. IST/SPIE Electron. Imag. Sci. Technol., San Jose, CA.},	
  year={2009},
  pages={725},
  language = {english}
}
%ok62
@article{h62,
  title={Pavement distress detection based on nonsubsampled contourlet transform},
  author={C.~Ma and C.~Zaho and Y.~Hou},
  journal={in Proc. IEEE Int. CSSE.},	
  year={2008},
  pages={28-31},
  language = {english}
}
%ok63
@article{h63,
  title={Automatic detection and classification of defect on road pavement using anisotropy measure},
  author={T.~Nguyen and M.~Avila and B.~Stephane},
  journal={in Proc.17th EUSIPCO.},	
  year={2009},
  pages={617-621},
  language = {english}
}
%ok64
@article{h64,
  title={Novel approach to pavement cracking detection based on fuzzy set theory},
  author={H.~D.~Cheng},
  journal={in Journal of Computing In civil Enginering.},	
  year={1999},
	volume={13},
	number={4},
  pages={270-280},
  language = {english}
}
%ok65
@article{h65,
  title={Measure of texture anisotropy for crack detection on textured surfaces},
  author={F.~Roli},
  journal={Electronics Letters.},	
  year={1996},
	volume={32},
  pages={1274-1279},
  language = {english}
}
%ok66
@article{h66,
  title={Simple procedure for identifying pavement distresses from video images},
  author={K.~M.~Chua and L.~Xu},
  journal={Journal of transportation engineering.},	
  year={1994},
  pages={412-431},
  language = {english}
}
%ok67
@article{h67,
  title={Thresholding of Medical Images Using Minimum Cross Entropy},
  author={R.~A.~Attas and A.~E.~Zaar},
  journal={International Conference on Biomedical Engineering.},	
  year={2006},
  pages={296-299},
  language = {english}
}
%ok68
@article{h68,
  title={Detection of defects in road surface by a vision system},
  author={S.~T.~Nguyen and M.~Avila ans S.~Begot},
  journal={IEEE Mediterranean Electrotechnical Conference MELECON.},	
  year={2008},
  pages={847-851},
  language = {english}
}
%ok69
@article{h69,
  title={A neural network based technique for auto-matic classification of road cracks},
  author={J.~Bray and B.~Verma and X.~Li [et al.]},
  journal={Neural Networks, IJCNN'06.},	
  year={2006},
  pages={907-912},
  language = {english}
}
%ok70
@article{h70,
  title={Surface defects detection for ceramic tiles using image processing and morphological techniques},
  author={H.~Elbehiery and A.~Hefnawy and M.~Elewa},
  journal={Proceedings of World Academy of Science, Engineering and Technology.},	
  year={2005},
	volume={5},
  pages={158-162},
  language = {english}
}
%ok71
@article{h71,
  title={Automatic road defect detection by textural pattern recognition based on AdaBoost},
  author={A.~Cord and S.~Chambon},
  journal={Computer-Aided Civil and Infrastructure Engineering.},	
  year={2012},
	volume={27},
	number={4},
  pages={244-259},
  language = {english}
}
%ok72
@online{h72,
	title = {Experiments with a new Boosting Algorithm},
	author={I.~Fase},
	Address = {USA},
	howpublished = {\url{https://cseweb.ucsd.edu/classes/fa01/cse291/AdaBoost.pdf.}},
	note = {Дата доступа: 2001}
}
%ok73
@article{h73,
  title={Efficient road mapping via interactive image segmentation},
  author={O.~Barinova and R.~Shapovalov and S.~SudakovS [et al.] },
  journal={IAPRS.},	
  year={2009},
	volume={38},
	number={4},
  pages={1-6},
  language = {english}
}
%ok74
@article{h74,
  title={Robust lane detection in shadows and low illumination conditions using local Gradient features},
  author={A.~Parajuli and M.~Celenk and H.~B.~Riley},
  journal={Open Journal of Applied Sciences.},	
  year={2013},
	volume={3},
  pages={68-74},
  language = {english}
}
%ok75
@article{h75,
  title={Discrete gradient method in solid mechanics},
  author={J.~Lu and J.~Qian and W.~Han},
  journal={International journal for numerical methods in engineering.},	
  year={2007},
  pages={123-131},
  language = {english}
}
%ok76
@article{h76,
  title={Об одном подходе к оптимизации ремонта автомобильных дорог в условиях ограниченного финансирования},
  author={А.~А.~Лемперт and Д.~Н.~Сидоров and А.~В.~Жуков},
  journal={Обобщенные постановки и решения задач управления: cб. тр. Междунар. симпозиума. М: ФИЗМАТЛИТ.},	
  year={2014},
  pages={114-118},
  language = {russian}
}
%ok77
@article{h77,
  title={Алгоритмы детектирования разметки и дефектов дорожного покрытия},
  author={А.~Крылов and С.~Судаков and В.~Киншаков [et al.]},
  journal={Труды 18-й Международной конференции по компьютерной графике и зрению «ГрафиКон 2008».},	
  year={2008},
  pages={206-212},
  language = {russian}
}
%ok78
@article{h78,
  title={Automatic pavement distress detection system},
  author={H.~Chen H and M.~M.~Miyojim},
  journal={Journal of information Sciences.},	
  year={1998},
	volume={108},
  pages={219-240},
  language = {english}
}
%ok79
@article{h79,
  title={A neural network-based methodology for pavement crack detection and classification},
  author={M.~S.~Kaseko and S.~G.~Ritchie},
  journal={Transportation Research Part C: Emerging Technologies.},	
  year={1993},
	volume={1},
	number={4},
  pages={275-291},
  language = {english}
}
%ok80
@article{h80,
  title={Histogram based approach for automated pavement crack sensing},
  author={K.~R.~Kirschke and S.~A.~Velinsky},
  journal={Journal of Transportation Engineering.},	
  year={1992},
	volume={118},
	number={5},
  pages={700-710},
  language = {english}
}
%ok81
@article{h81,
  title={Wavelet-aided pavement distress image processing},
  author={J.~Zhou and P.~S.~Huang and F.~P.~Chiang},
  journal={In Optical Science and Technology, SPIE's 48th Annual Meeting.},	
  year={2003},
  pages={728-739},
  language = {english}
}
%ok82
@article{h82,
  title={A local binary pattern based methods for pavement crack detection},
  author={Y.~Hu and C.~Zhao},
  journal={Journal of Pattern Recognition Research.},	
	volume={1},
  year={2013},
  pages={140-147},
  language = {english}
}
%ok83
@article{h83,
  title={Induction of decision trees},
  author={J.~R.~Quinlan},
  journal={Machine Learning.},	
	volume={1},
  year={1986},
  pages={81-106},
  language = {english}
}
%ok84
@article{h84,
  title={Using Decision Trees for Classification},
  author={M.~Bramer},
  journal={Springer.},	
  year={2016},
  pages={39-48},
  language = {english}
}
%ok85
@article{h85,
  title={An experimental comparison of three methods for constructing ensembles of decision trees: bagging, boosting, and randomization},
  author={T.~G.~Dietterich},
  journal={Machine Learning.},
	volume={40},
  year={2000},
  pages={139-157},
  language = {english}
}
%ok86
@article{h86,
  title={Neural Networks and Related Methods for Classification},
  author={B.~Ripley},
  journal={Journal of Royal Statistical Society.},
	volume={56},
	number={3},
  year={1994},
  pages={409-456},
  language = {english}
}
%ok87
@article{h87,
  title={Neural network models for forecasting univariate time series},
  author={H.~R.~Maier and G.~C.~Dandy},
  journal={Neural Net. World.},
	volume={5},
  year={1996},
  pages={747-771},
  language = {english}
}
%ok88
@article{h88,
  title={Pavement Distress Image Automatic Classification Based on DENSITY-Based Neural Network},
  author={X.~X.~Wang and Y.~X.~Zhang},
  journal={Lecture Notes in Computer Science, Springer.},
	volume={4062},
  year={2001},
  pages={685-692},
  language = {english}
}
%ok89
@article{h89,
  title={An analysis of Bayesian classifiers},
  author={P.~Langley and W.~Iba and K.~Thompson},
  journal={Proc. 10th Nat. Conf. Artificial Intelligence, AAAI Press and MIT Press.},
  year={1992},
  pages={223-228},
  language = {english}
}
%ok90
@article{h90,
  title={Bayesian network classifiers},
  author={N.~Friedman and D.~Geiger and M.~Goldszmidt},
  journal={Machine Learning.},
  year={1997},
	volume={29},
  pages={131-163},
  language = {english}
}
%ok91
@article{h91,
  title={Support-vector networks},
  author={C.~Cortes and V.~Vapnik},
  journal={Machine Learning.},
  year={1995},
	volume={3},
  pages={273-297},
  language = {english}
}
%ok92
@article{h92,
  title={Novel approach to pavement cracking detection based on neural network},
  author={H.~Cheng and J.~Wang and Y. Hu [et al.]},
  journal={Transportation Research Record.},
  year={2001},
	volume={1764},
  pages={119-127},
  language = {english}
}
%ok93
@inproceedings{h93,
  title={A Robust Position Invariant Artificial Neural Network for Digital Pavement},
  author={B.~.J.~Lee},
	journal={in Proceedings of the TRB Annual Meeting},
  year={2002},
	language = {english}
}
%ok94
@inproceedings{h94,
  title={Automation Recognition of Pavement Surface Distress Based on Support Vector Machine},
  author={N.~Li and X.~Hou and X.~Yang [et al.]},
  journal={International Conference on Intelligent Networks and Intelligent Systems.},
  year={2009},
  language = {english}
}
%ok95
@article{h95,
  title={Primitive-based classification of pavement cracking images},
  author={H.~N.~Koutsopoulos and A.~B.~Downey},
  journal={Journal of Transportation Engineering.},
  year={1993},
	volume={119},
  pages={402-418},
  language = {english}
}
%ok96
@article{h96,
  title={Automatic Recognition Algorithm of Pavement Defect Image Based on OTSU and Maximizing Mutual Information},
  author={L.~Gang and H.~Yu-yao and Z.~Yan},
  journal={Microelectronics Computer},
  year={2009},
	volume={7},
  pages={241-247},
  language = {english}
}
%ok97
@online{h97,
	title = {Fugro Automatic Road Analyzer},
	author={ARAN},
	Address = {USA},
	howpublished = {\url{http://www.roadware.com/products/9000.}},
	note = {Дата доступа: 2011}
}
%ok98
@online{h98,
	title = {WayLink Digital Highway Data Vehicle},
	author={DHDV},
	Address = {USA},
	howpublished = {\url{http://www.waylink.com/DHDV.htm.}},
	note = {Дата доступа: 2011}
}
%ok99
@online{h99,
	title = {Pavue-Crack Recognition System},
	author={Ramboll Rst},
	Address = {USA},
	howpublished = {\url{http://rst.ramboll.se/produkter/rst%20pavue.}},
	note = {Дата доступа: 2011}
}
%ok100
@online{h100,
	title = {Technologies Laservision},
	author={GIE},
	Address = {USA},
	howpublished = {\url{http://www.gieinc.ca/main_en.html.}},
	note = {Дата доступа: 2011}
}
%101
@article{h101,
  title={Experimentation of 3D Pavement Imaging through Stereovision},
  author={Z.~Hou and K.~C.~Wang and W.~and Gong},
  journal={Proc. of Intl. Conference on Transportation Engineering },
  year={2007},
  pages={376-381},
  language = {english}
}
%ok102
@article{h102,
  title={Wavelet-morphology based detection of incipient linear cracks in asphalt pavements from RGB camera imagery and classification using circular Radon transform},
  author={O.~Yashon and M.~ Hahn},
  journal={Advanced Engineering Informatics.},
  year={2016},
	volume={30},
  pages={481-499},
  language = {english}
}
%ok103
@article{h103,
  title={On the optimization and selection of wavelet texture for feature extraction from high-resolution satellite imagery with application towards urban-tree delineation},
  author={Y.~O.~Ouma and T.~G.~Ngigi and R.~Tateishi},
  journal={Int. J. Remote Sens.},
  year={2006},
	volume={1},
  pages={73-104},
  language = {english}
}
%104
@article{h104,
  title={An optimum feature extraction method based on wavelet-Radon transform and dynamic neural network for pavement distress classification},
  author={F.~M.~Nejad and H.~Zakeri},
  journal={Expert Syst. Appl.},
  year={2011},
	volume={8},
  pages={9442-9460},
  language = {english}
}
%ok105
@article{h105,
  title={Using wavelet technology for pavement crack detection},
  author={S.~Liang and B.~Sun},
  journal={International Conference of Logistics Engineering and Management.},
  year={2010},
  pages={2479-2484},
  language = {english}
}
%ok106
@article{h106,
  title={A real-time 3D Scanning System for Pavement Distortion Inspection},
  author={Q.~Li and M.~Yao and X.~Yao [et al.]},
  journal={Measurement Science and Technology.},
  year={2010},
  pages={1-9},
  language = {english}
}
%ok107
@article{h107,
  title={2D Vision Tracking Methods Performance Comparison for 3D Tracking of Construction Resources},
  author={A.~Makhmalbaf and M.~W.~Park and J.~Yang [et al.]},
  journal={Proc.  of  Construction  Research Congress.},
  year={2010},
  pages={459-469},
  language = {english}
}
%ok108
@book{h108,
  title={Wavelet-based pavement distress detection and evaluation},
  author={J.~Zhou and P.~S.~Huang and F.~P.~Chiang},
  journal={Optical Engineering.},
  year={2006},
	volume={45},
  pages={2006},
  language = {english}
}
%109
@article{h109,
  title={An Operating System of Pavement Distress Diagnosis by Image Processing},
  author={M.~H.~Mohajeri and P.~J.~Manning},
  journal={Transportation Research Record.},
  year={1991},
  pages={120-130},
  language = {english}
}
%110
@article{h110,
  title={Improving Pothole Recognition through Vision Tracking for Automated Pavement Assessment},
  author={C.~Koch and I.~Brilakis},
  journal={Conference or Workshop Item.},
  year={2011},
  pages={1-8},
  language = {english}
}
%111
@article{h111,
  title={Markov random field models for unsupervised segmentation of textured color images},
  author={D.~K.~Panjwani and G.~Healey},
  journal={IEEE Trans. on Pattern Analysis and Machine Intelligence.},
  year={1995},
  pages={939-954},
  language = {english}
}
%112
@article{h112,
  title={Unsupervised segmentation of noisy and textured images using Markov random fields},
  author={C.~S.~Won and H.~ Derin},
  journal={Computer Graphics and Image Processing: Graphical Models and Image Processing.},
  year={1992},
	volume={54},
  pages={208-328},
  language = {english}
}
%113
@article{h113,
  title={Modeling and segmentation of noisy and textured images using Gibbs random fields},
  author={H.~Derin and H.~Elliott},
  journal={IEEE Transactions on Pattern Analysis and Machine Intelligence.},
  year={1987},
	volume={9},
  pages={39-55},
  language = {english}
}
%114
@article{h114,
  title={MRF model based image segmentation using hierarchical distributed genetic algorithm},
  author={H.~J.~Kim and E.~Y.~Kim and J.~W.~Kim},
  journal={Electronic Letters.},
  year={1998},
	volume={35},
  pages={2394-2395},
  language = {english}
}
%115
@article{h115,
  title={Minimization of an energy function with robust features for image segmentation},
  author={P.~Arques and P.~Compan and R.~ Molina [et al.]},
  journal={Kyberneters.},
  year={2003},
	volume={32},
  pages={1481-1491},
  language = {english}
}
%116
@article{h116,
  title={Unsupervised image segmentation using Markov random fields models},
  author={S.~A.~Barker and P.~J.~W.~Rayner},
  journal={Pattern Recognition.},
  year={2000},
	volume={33},
  pages={587-602},
  language = {english}
}
%117
@article{h117,
  title={A Markov random field approach to spatio-temporal contextual image classification},
  author={F.~Melgani and S.~B.~Serpico},
  journal={IEEE Transactions on Geoscience and Remote Sensing.},
  year={2003},
	volume={41},
  pages={2478-2487},
  language = {english}
}
%118
@article{h118,
  title={Texture segmentation based on a hierarchical MArkov random field model},
  author={R.~M.~Hu and M.~M.~Fahmy},
  journal={Signal Processing.},
  year={1992},
	volume={26},
  pages={285-305},
  language = {english}
}
%119
@article{h119,
  title={Multiscale MRF based texture segmentation of SAR image},
  author={M.~Xuand D.~R.~Li and H.~Sun},
  journal={Chinese journal of Electronics.},
  year={2004},
	volume={13},
  pages={671-675},
  language = {english}
}
%120
@article{h120,
  title={SAR image segmentation based on mixture context and wavelet hidden-class-label Markov random field},
  author={M.~Li and Y.~Wu and Q.~Zhang},
  journal={Computer Mathematics with Apllication.},
  year={2009},
	volume={57},
  pages={961-969},
  language = {english}
}
%121
@article{h121,
  title={A MRF model based segmentation approach to classification for multispectral imagery},
  author={A.~Sarkar and M.~K.~Biswas and B.~Kartikeyan [et al.]},
  journal={IEEE Transactions on Geoscience and Remora Sensing.},
  year={2002},
	volume={40},
  pages={1102-1113},
  language = {english}
}
%122
@article{h122,
  title={Object beased and semantic image segmentation using MRF},
  author={F.~Li and J.~X.~Peng and X.~J.~Zheng},
  journal={Eurasip journal on Applied Signal Processing.},
  year={2004},
	volume={6},
  pages={833-840},
  language = {english}
}
%123
@article{h123,
  title={An experimental comparison of min-cut/max- flow algorithms for energy minimization in vision},
  author={Y.~Boykov and V.~Kolmogorov},
  journal={IEEE Transactions on Pattern Analysis and Machine Intelligence.},
  year={2004},
	volume={9},
  pages={1124-1137},
  language = {english}
}
%124
@article{h124,
  title={Dynamic graph cuts for efficient inference in Markov random fields},
  author={P.~Kohli P and P.~H.~S.Torr},
  journal={IEEE Transactions on Pattern Analysis and Machine Intelligence.},
  year={2007},
	volume={12},
  pages={2079-2088},
  language = {english}
}
%125
@article{h125,
  title={A comparative study of energy minimization methods for Markov random fields with smoothness based priors},
  author={R.~Szeliski and R.~Zabih and D.~Scharstein},
  journal={IEEE Transactions on Pattern Analysis and Machine Intelligence.},
  year={2008},
	volume={6},
  pages={1068-1080},
  language = {english}
}
%126
@article{h126,
  title={Interactive graph cuts for optimal boundary and region segmentation of objects in N-D images},
  author={Y.~Boykov and M.~P.~Jolly},
  journal={ICCV.},
  year={2001},
  pages={105–112},
  language = {english}
}
%127
@article{h127,
  title={Fast approximate energy minimization via graph cuts},
  author={Y.~Boykov and O.~Veksler and R.~Zabih},
  journal={TPAMI.},
  year={2001},
	volume={11},
  pages={1222-1239},
  language = {english}
}
%ok128
@article{h128,
  title={Fast approximate energy minimization via graph cuts},
  author={Y.~Boykov and O.~Veksler and R.~Zabih},
  journal={TPAMI.},
  year={2001},
	volume={11},
  pages={1222-1239},
  language = {english}
}
%ok129
@article{h129,
  title={Random forests},
  author={L.~Breiman},
  journal={Machine learning.},
  year={2001},
	volume={1},
  pages={5-32},
  language = {english}
}
%ok130
@article{h130,
  title={Image analysis by Tchebichef moments},
  author={R.~Mukundan},
  journal={IEEE Trans. on Image Proc.},
  year={2001},
	volume={10},
  pages={1357-1364},
  language = {english}
}
%ok131
@article{h131,
  title={Shape recognition of irregular objects},
  author={J.~Iivarinen},
  journal={Intelligent Robots and Computer Vision.},
  year={1996},
  pages={25-32},
  language = {english}
}
%ok132
@article{h132,
  title={Computer processing of line-drawing images},
  author={H.~Freeman},
  journal={Computing Surveys.},
  year={1974},
	volume={1},
  pages={57-97},
  language = {english}
}
%ok133
@article{h133,
  title={Generalized chain codes for planar curves},
  author={H.~Freeman and A.~Saghri},
  journal={Proceedings of the 4th International Joint Conference on Pattern Recognition.},
  year={1978},
  pages={701-703},
  language = {english}
}
%ok134
@article{h134,
  title={Exact optimization for Markov random fields with convex priors},
  author={H.~Ishikawa},
  journal={PAMI.},
  year={2003},
	volume={10},
  pages={1333-1336},
  language = {english}
}
%ok135
@article{h135,
  title={Computing visual correspondence with occlusions via graph cuts},
  author={V.~Kolmogorov and R.~Zabih},
  journal={International Conference on Computer Vision.},
  year={2001},
	volume={2},
  pages={508-515},
  language = {english}
}
%ok136 trung 127
%ok137
@book{h137,
  title={Network Flows: Theory, Algorithms, and Applications},
  author={K.~A.~Ravindra and T.~L.~Magnanti and J.~B.~Orlin},
  journal={Prentice Hall .},
  year={1993},
  pages={864},
	ISBN = {013617549X},
  language = {english}
}
%ok138
@article{h138,
  title={An experimental comparison of min-cut/maxflow algorithms for energy minimization in vision},
  author={Y.~Boykov and V.~Kolmogorov},
  journal={International Workshop on Energy Minimization Methods in Computer Vision and Pattern Recognition.},
  year={2001},
	volume={2134},
  pages={359-374},
  language = {english}
}
%ok139
@article{h139,
  title={Stochastic relaxation, Gibbs distributions and the Bayesian restoration of images},
  author={S.~Geman and D.~Geman},
  journal={IEEE Trans. on Pattern Analysis and Machine Intelligence.},
  year={1984},
	volume={6},
  pages={721-741},
  language = {english}
}
%ok140
@article{h140,
  title={Segmentation of noisy textured images using simulated annealing},
  author={C.~Won and H.~Derin},
  journal={Proc. of IEEE Int’l Conf. on Acoust., Speech and Sig. Proc.},
  year={1987},
  pages={1441-1444},
  language = {english}
}
%ok141
@article{h141,
  title={A comparative study of energy minimization methods for Markov random fields with smoothness-based priors},
  author={R.~Szeliski and R.~Zabih and D.~Scharstein [et al.]},
  journal={PAMI.},
  year={2008},
	volume={6},
  pages={1068–1080},
  language = {english}
}
@online{h142,
	title = {R package},
	Address = {USA},
	howpublished = {\url{https://www.r-project.org.}},
	note = {Дата доступа: 2011}
}
%ok143
@article{h143,
  title={Addressing the curse of imbalanced data sets: One-sided sampling},
  author={M.~Kubat and S.~Matwin},
  journal={International conference on Machine Learning.},
  year={1997},
  pages={179–186},
  language = {english}
}
%ok144
	@article{h144,
  title={О распознавании и классификации дефектов дорожного покрытия на основе изображений},
  author={Т.~Х.~Нгуен and Т.~Л.~Нгуен},
  journal={Вестник ИРНИТУ},	
  number={10},
  year={2016},
  pages={111-118},
  language = {russian}
}
%ok145
	@article{h145,
  title={On Road Defects Detection and Classification},
  author={T.~H.~Nguyen and T.~L.~Nguyen and A.~Zhukov},
  journal={Supplementary Proceedings of the 5th International Conference on Analysis of Images, Social Networks and Texts (AIST 2016)},	
  volume={1710},
  year={2016},
  pages={266-278},
  language = {english}
}
%ok146
@online{h146,
	title = {ГОСТ~Р~50597~93 Автомобильные дороги и улицы требования эксплуатационному состоянию, допустимому по условиям обеспечения безопасности дорожного движения},
	howpublished = {http://internet-law.ru/gosts/gost/832/},
	note = {Дата доступа: 2017},
	language = {russian}
}
%ok147
@online{h147,
	title = {1472/QĐ-BGTVT},
	howpublished = {https://m.thuvienphapluat.vn/van-ban/giao-thong-van-tai/quyet-dinh-1472-qd-bgtvt-2017},
	note = {Дата доступа: 2017},
	language = {Viet Nam}
}
%ok148
@online{h148,
	title = {EN 13108-4},
	howpublished = {https://www.en-standard.eu/csn-en-13108-4-bituminous-mixtures-material-specifications-part-4-hot-rolled-asphalt/},
	note = {Дата доступа: 2006},
	language = {english}
}
%ok149
@online{h149,
	title = {OpenCV - Open source computer vision},
	howpublished = {\url{http://opencv.org/.}},
	note = {Дата доступа: 2017},
	language = {english}
	}
%ok150
	@article{h150,
  title={Оптимизация системы коммуникаций с учетом региональных особенностей: математическая модель и численный метод},
  author={А.~А.~Лемперт and А.~Л.~Казаков and Г.~Л.~Нгуен },
  journal={Вестник Иркутского гос. технического ун-та.},	
  volume={95},
  year={2014},
  pages={17-22},
  language = {russian}
}
%ok151
	@article{h151,
  title={Об одном алгоритме построения упаковки конгруэнтных кругов в неодносвязное множество с неевклидовой метрикой},
  author={А.~А.~Лемперт and А.~Л.~Казаков and Г.~Л.~Нгуен },
  journal={Вычислительные методы и программирование.},	
  volume={17},
  year={2016},
  pages={177-188},
  language = {russian}
}
%ok152
	@article{h152,
  title={Алгоритм построения оптимальных покрытий равными кругами невыпуклых многоугольников с неевклидовой метрикой},
  author={А.~А.~Лемперт and А.~Л.~Казаков and Г.~Л.~Нгуен },
  journal={Вестник Иркутского гос. технического ун-та.},	
  volume={112},
  year={2016},
  pages={45-55},
  language = {russian}
}
%Bong bong
%ok1bb
@article{h1bb,
  title={Artificial neural network for bubbles pattern recognition on the images},
  author={I.~E.~Poletaev and K.~S.~Pervunin  and M.~P.~Tokarev},
  journal={Journal of Physics.},
  year={2016},
	volume={754},
  pages={1-19},
  language = {english}
}
%ok2bb
@article{h2bb,
  title={Detection of bubbles as concentric circular arrangements},
  author={N.~Strokina and J.~Matas and T.~Eerola [et al.]},
  journal={Machine Vision and Applications.},
  year={2016},
	volume={27},
  pages={387-396},
  language = {english}
}
%ok3bb
@article{h3bb,
  title={Automated recognition of oil drops in images of multiphase dispersions via gradient direction pattern},
  author={R.~A.~Dominguez and G.~Corkidi},
  journal={CISP.},
  year={2011},
	volume={3},
  pages={1209-1213},
  language = {english}
}
%ok4bb
@article{h4bb,
  title={Detection of densely dispersed spherical bubbles in digital images based on a template matching technique},
  author={X.~Zabulis and M.~Papara and A.~Chatziargyriou [et al.]},
  journal={ColloidsSurf. A Physicochem. Eng. Asp.},
  year={2007},
	volume={309},
  pages={96-106},
  language = {english}
}
%ok5bb
@article{h5bb,
  title={Bubble image segmentation of gas/liquid two-phase flow based on improved canny operator},
  author={Z.~Wenyinand J.~Ningde and L.~Xia [et al.]},
  journal={Int. Conf. Comput. Sci. Softw. Eng.},
  year={2008},
	volume={1},
  pages={799–801},
  language = {english}
}
%ok6bb
@article{h6bb,
  title={A Convolutional Neural Network Approach for Objective Video Quality Assessment},
  author={L.~C.~Patrick and C.~L.~Gaudin and D.~Barba},
  journal={IEEE Transactions on Neural Networks.},
  year={2006},
	volume={5},
  pages={1316-1327},
  language = {english}
}
%ok7bb
@article{h7bb,
  title={A computational approach to edge detection},
  author={J.~Canny},
  journal={IEEE Transactions on Pattern Analysis and Machine Intelligence.},
  year={1986},
	volume={8},
  pages={679-698},
  language = {english}
}
%ok8bb
@article{h8bb,
  title={A Class of Fast Gaussian Binomial Filters for Speech and Image Processing},
  author={R.~A.~Haddad and A.~N.~Akansu},
  journal={IEEE Transactions on Acoustics, Speech and Signal Processing.},
  year={1991},
	volume={39},
  pages={723-727},
  language = {english}
}
%ok9bb
@article{h9bb,
  title={Semiautomatic image analysis methodology for the segmentation of bubbles and drops in complex dispersions occurring in bioreactors},
  author={B.~Taboada and L.~V.~Alvarado and M.~C.~Aguilar},
  journal={Exp. Fluids.},
  year={2006},
	volume={41},
  pages={383-392},
  language = {english}
}
%ok10bb
@article{h10bb,
  title={Progressive probabilistic Hough transform for line detection},
  author={C.~Galambos and J.~Kittler and J.~Matas},
  journal={Computer Vision and Pattern Recognition.},
  year={1999},
	volume={1554},
  pages={1090-1095},
  language = {english}
}
%ok11bb
@article{h11bb,
  title={On-line Sauter diameter measurement of air bubbles and oil drops in stirred bioreactors by using Hough transform},
  author={L.~Vega-Alvarado ang Ms.~Cordova MS and R.~Taboada},
  journal={Springer.},
  year={2004},
  pages={834-840},
  language = {english}
}
%ok12bb
@article{h12bb,
  title={An overlapping bubbles partition method in aerated water flows},
  author={X.~M.~Qian and H.~Zhu},
  journal={Machine Learning and Cybernetics.},
  year={2004},
  pages={44-48},
  language = {english}
}
%ok13bb
@article{h13bb,
  title={Distinctive Image Features from Scale-Invariant Keypoints},
  author={D.~G.~Lowe},
  journal={International Journal of Computer Vision.},
  year={2004},
	volume={60},
  pages={91-110},
  language = {english}
}
%ok14bb
@article{h14bb,
  title={Histograms of Oriented Gradients for Human Detection},
  author={N.~Dalal and B.~Triggs},
  journal={IEEE Computer Society Conference on Computer Vision and Pattern Recognition.},
  year={2005},
	volume={1},
  pages={886-893},
  language = {english}
}
%ok15bb
@book{h15bb,
  title={On the Application of Image Processing Methods for Bubble Recognition to the Study of Subcooled Flow Boiling of Water in Rectangular Channels},
  author={C.~Paz and M.~Conde and J.~Porteiro},
  journal={Sensors (Basel).},
  year={2017},
	volume={6},
  pages={1448},
  language = {english}
}
%ok16bb
@article{h16bb,
  title={The Bubble Box: Towards an Automated Visual Sensor for 3D Analysis and Characterization of Marine Gas Release Sites},
  author={A.~Jordt and C.~Zelenka and J.~Schneider},
  journal={Sensors.},
  year={2015},
	volume={12},
  pages={30716-30735},
  language = {english}
}
%ok17bb
@article{h17bb,
  title={Circle detection in pulsative medical video sequence},
  author={K.~Randiha and R.~Benes},
  journal={Proceedings of the 10th international conference on signal processing.},
  year={2010},
  pages={674-677},
  language = {english}
}
%ok18bb
@article{h18bb,
  title={Toward a method for automatic grading of microscope human embryo images},
  author={E.~Filho and J.~Noble and D.~Wells},
  journal={IEEE International symposium on biomedical imaging.},
  year={2010},
  pages={1289–1292},
  language = {english}
}
%ok19bb
@article{h19bb,
  title={Automated recognition of oil drops in images of multiphase dispersions via gradient direction pattern},
  author={R.~A.~Dominguez and G.~Corkidi},
  journal={CISP 3.},
  year={2011},
  pages={1209–1213},
  language = {english}
}

%% tai lieu Wavet
%ok1wl
@article{1wl,
  title={Цифровая обработка изображений},
  author={Р.~Гонсалес and Р. Вудс},
  journal={Техносфера.},
  year={2005},
  pages={1072},
  language = {russian}
}
%ok2wl
@article{2wl,
  title={Adjusted Haar wavelet for application in the power systems disturbance analysis},
  author={A.~Ukiland R.~Zivanovic},
  journal={Digital Signal Processing.},
  year={2008},
	volume={18},
  pages={103-115},
  language = {english}
}
%ok3wl
@article{3wl,
  title={Использование информации о цвете в алгоритме выделения лиц на базе бустинга},
  author={М.~Н.~Голубев},
  journal={Нейроинформатика.},
  year={2011},
	volume={3},
  pages={55-62},
  language = {english}
}
%ok4wl-1wl
@article{4wl,
  title={On application of the structure of the nonlinear equations system, describing hydraulic circuits of power plants, in computations},
  author={A.~A.~Levin and V.~F.~Chistyakov and E.~A.~Tairov},
  journal={Vestnik YuUrGU. Ser. Mat. Model. Progr.},
  year={2016},
	volume={9:4},
  pages={53-62},
  language = {english}
}
%ok5wl 
@article{5wl,
  title={A wavelet characterization of high-resolution NDVI patterns for precision agriculture},
  author={E.~Virginie and S.~Alfred and M.~Steven},
  journal={JAG.},
  year={2001},
	volume={3},
  pages={121-132},
  language = {english}
}
%ok6wl 
@article{6wl,
  title={Study of remote sensing image texture analysis and classification using wavelet},
  author={C.~Zhu and X.~Yang},
  journal={International Journal of Remote Remote Sensing.},
  year={1998},
	volume={19},
  pages={3197-3203},
  language = {english}
}
%ok8wl - bo 7wl 
@article{8wl,
  title={Применение генетических алгоритмов и вейвлет-преобразований для повышения качества изображений},
  author={А.~А.~Белоусов and В.~Г.~Спицын and Д.~В.~Сидоров},
  journal={Известия Томского политехнического университета.},
  year={2006},
	volume={309},
  pages={21-26},
  language = {russian}
}
%ok9wl 
@article{9wl,
  title={EEG signal classification using wavelet feature extraction and a mixture of expert model},
  author={S.~Abdulhamit},
  journal={Expert system with applications.},
  year={2007},
	volume={32},
  pages={1084-1093},
  language = {english}
}
%ok10wl 
@article{10wl,
  title={Stellar Data Classification Using SVM with Wavelet Transformation},
  author={G.~Ping and X.~Fei and J.~YuGang},
  journal={IEEE International Conference on Systems Man and Cybernetics.},
  year={2004},
	volume={7},
  pages={104-116},
  language = {english}
}
%ok11wl 
@article{11wl,
  title={Monitoring Drill Conditions with Wavelet Based Encoding and Neural Networks},
  author={I.~N~Tansel and C.~Mekdeci and O.~Rodriguez},
  journal={Machine Tools and Manufacture.},
  year={1993},
	volume={33},
  pages={559-575},
  language = {english}
}
%ok12wl 
@article{12wl,
  title={Texture Classification by Wavelet Packet Signatures},
  author={A.~Laine and J.~Fan},
  journal={IEEE Trans. Pattern Analysis and Machine Intelligence.},
  year={1993},
	volume={15},
  pages={1186-1191},
  language = {english}
}
%ok13wl 
@article{13wl,
  title={Classification of Corrosion Images by Wavelet Signature and LVQ networks},
  author={S.~Livens and P.~Scheunders and G.~V~Wouwer},
  journal={Computer Analysis of Images Patterns.},
  year={1990},
  pages={43-48},
  language = {english}
}
%ok14wl 
@article{14wl,
  title={Diagnostics of gas bubbles using wavelet transform},
  author={A.~Ukil and D.~Schrag and K.~Hencken},
  journal={IEEE.},
  year={2010},
  pages={148-154},
  language = {english}
}
%ok15wl
@article {15wl,
    title = {Approximation of a Signal Using Discrete Wavelets Transform},
    author = {Y.~Archit and R.~S.~Mohan},  
   journal = {International Journal of Artificial Intelligence.},
      year = {2009},
			volume={2},
     pages = {95 - 105},
		 language = {english}
}
%ok16wl
@article {16wl,
    title = {Wavelet Based Fuzzy Clustering of Higher Dimensional Data},
    author = {C.~Palanisamy and S.~Selvan},  
   journal = {International Journal of Artificial Intelligence.},
      year = {2009},
			volume={2},
     pages = {27 - 36},
		 language = {english}
}
%ok17wl
@article {17wl,
    title = {Iris recognition using circular symmetric filters},
    author = {L.~Ma and Y.~Wang and T.~Tan},  
   journal = {Proceedings of the 16th International Conference on Pattern Recognition.},
      year = {2002},
			volume={2},
     pages = {414 - 417},
		 language = {english}
}
%ok18wl
@article {18wl,
    title = {Detection of Individual Microbubbles Using Wavelet Transform Based on a Theoretical Bubble Oscillation Model},
    author = {Z.~Yujin and B.~LiMing S.~and Wang},  
   journal = {Springer.},
      year = {2006},
			volume={4222},
     pages = {354 - 363},
		 language = {english}
}

@article {19wl,
    title = {Understanding variable importances in forests of randomized trees},
    author = {G.~Louppe and L.~Wehenkel and A.~Sutera and P.~Geurts},  
   journal = {Proceeding NIPS'13},
      year = {2013},
			volume={1},
     pages = {431 - 439},
		 language = {english}
}
@article{20wl,
author = {A.~Downey and H.~Koutsopoulos and I.~el sanhouri},
year = {1993},
pages = {869 - 888},
title = {Analysis of Segmentation Algorithms for Pavement Distress Images},
volume = {119},
booktitle = {Journal of Transportation Engineering-asce - J TRANSP ENG-ASCE}
}